%YAML 1.1
%TAG !u! tag:unity3d.com,2011:
--- !u!1 &4172311835883414951
GameObject:
  m_ObjectHideFlags: 0
  m_CorrespondingSourceObject: {fileID: 0}
  m_PrefabInstance: {fileID: 0}
  m_PrefabAsset: {fileID: 0}
  serializedVersion: 6
  m_Component:
  - component: {fileID: 8814084121431139071}
  - component: {fileID: 4002196626636956651}
  - component: {fileID: 7927713894925481325}
  - component: {fileID: 4132977465798331616}
  m_Layer: 0
  m_Name: Background
  m_TagString: Untagged
  m_Icon: {fileID: 0}
  m_NavMeshLayer: 0
  m_StaticEditorFlags: 0
  m_IsActive: 1
--- !u!4 &8814084121431139071
Transform:
  m_ObjectHideFlags: 0
  m_CorrespondingSourceObject: {fileID: 0}
  m_PrefabInstance: {fileID: 0}
  m_PrefabAsset: {fileID: 0}
  m_GameObject: {fileID: 4172311835883414951}
  m_LocalRotation: {x: 0, y: 0, z: 0, w: 1}
  m_LocalPosition: {x: 0, y: 0, z: 0}
  m_LocalScale: {x: 1, y: 1, z: 1}
  m_Children: []
  m_Father: {fileID: 5147915294384607735}
  m_RootOrder: 0
  m_LocalEulerAnglesHint: {x: 0, y: 0, z: 0}
--- !u!33 &4002196626636956651
MeshFilter:
  m_ObjectHideFlags: 0
  m_CorrespondingSourceObject: {fileID: 0}
  m_PrefabInstance: {fileID: 0}
  m_PrefabAsset: {fileID: 0}
  m_GameObject: {fileID: 4172311835883414951}
  m_Mesh: {fileID: 10209, guid: 0000000000000000e000000000000000, type: 0}
--- !u!23 &7927713894925481325
MeshRenderer:
  m_ObjectHideFlags: 0
  m_CorrespondingSourceObject: {fileID: 0}
  m_PrefabInstance: {fileID: 0}
  m_PrefabAsset: {fileID: 0}
  m_GameObject: {fileID: 4172311835883414951}
  m_Enabled: 1
  m_CastShadows: 0
  m_ReceiveShadows: 1
  m_DynamicOccludee: 1
  m_MotionVectors: 1
  m_LightProbeUsage: 1
  m_ReflectionProbeUsage: 1
  m_RayTracingMode: 2
  m_RayTraceProcedural: 0
  m_RenderingLayerMask: 1
  m_RendererPriority: 0
  m_Materials:
  - {fileID: 2100000, guid: 4841d2a273e35db4eb946fa7ed37aa33, type: 2}
  m_StaticBatchInfo:
    firstSubMesh: 0
    subMeshCount: 0
  m_StaticBatchRoot: {fileID: 0}
  m_ProbeAnchor: {fileID: 0}
  m_LightProbeVolumeOverride: {fileID: 0}
  m_ScaleInLightmap: 1
  m_ReceiveGI: 1
  m_PreserveUVs: 0
  m_IgnoreNormalsForChartDetection: 0
  m_ImportantGI: 0
  m_StitchLightmapSeams: 1
  m_SelectedEditorRenderState: 3
  m_MinimumChartSize: 4
  m_AutoUVMaxDistance: 0.5
  m_AutoUVMaxAngle: 89
  m_LightmapParameters: {fileID: 0}
  m_SortingLayerID: 0
  m_SortingLayer: 0
  m_SortingOrder: 0
  m_AdditionalVertexStreams: {fileID: 0}
--- !u!64 &4132977465798331616
MeshCollider:
  m_ObjectHideFlags: 0
  m_CorrespondingSourceObject: {fileID: 0}
  m_PrefabInstance: {fileID: 0}
  m_PrefabAsset: {fileID: 0}
  m_GameObject: {fileID: 4172311835883414951}
  m_Material: {fileID: 0}
  m_IsTrigger: 0
  m_Enabled: 1
  serializedVersion: 4
  m_Convex: 0
  m_CookingOptions: 30
  m_Mesh: {fileID: 10209, guid: 0000000000000000e000000000000000, type: 0}
--- !u!1 &5147915293045209566
GameObject:
  m_ObjectHideFlags: 0
  m_CorrespondingSourceObject: {fileID: 0}
  m_PrefabInstance: {fileID: 0}
  m_PrefabAsset: {fileID: 0}
  serializedVersion: 6
  m_Component:
  - component: {fileID: 5147915293045209565}
  - component: {fileID: 5147915293045209563}
  - component: {fileID: 5147915293045209564}
  m_Layer: 0
  m_Name: Title
  m_TagString: Untagged
  m_Icon: {fileID: 0}
  m_NavMeshLayer: 0
  m_StaticEditorFlags: 0
  m_IsActive: 1
--- !u!224 &5147915293045209565
RectTransform:
  m_ObjectHideFlags: 0
  m_CorrespondingSourceObject: {fileID: 0}
  m_PrefabInstance: {fileID: 0}
  m_PrefabAsset: {fileID: 0}
  m_GameObject: {fileID: 5147915293045209566}
  m_LocalRotation: {x: 0.7071068, y: 0, z: 0, w: 0.7071068}
  m_LocalPosition: {x: 0, y: 0, z: 0}
  m_LocalScale: {x: 1, y: 1, z: 1}
  m_Children: []
  m_Father: {fileID: 5147915294384607735}
  m_RootOrder: 1
  m_LocalEulerAnglesHint: {x: 90, y: 0, z: 0}
  m_AnchorMin: {x: 0.5, y: 0.5}
  m_AnchorMax: {x: 0.5, y: 0.5}
  m_AnchoredPosition: {x: 0, y: 0.5}
  m_SizeDelta: {x: 10, y: 10}
  m_Pivot: {x: 0.5, y: 0.5}
--- !u!23 &5147915293045209563
MeshRenderer:
  m_ObjectHideFlags: 0
  m_CorrespondingSourceObject: {fileID: 0}
  m_PrefabInstance: {fileID: 0}
  m_PrefabAsset: {fileID: 0}
  m_GameObject: {fileID: 5147915293045209566}
  m_Enabled: 1
  m_CastShadows: 0
  m_ReceiveShadows: 0
  m_DynamicOccludee: 1
  m_MotionVectors: 1
  m_LightProbeUsage: 1
  m_ReflectionProbeUsage: 1
  m_RayTracingMode: 2
  m_RayTraceProcedural: 0
  m_RenderingLayerMask: 1
  m_RendererPriority: 0
  m_Materials:
  - {fileID: 2180264, guid: b69b997d207855048b0657dbcc7d35fe, type: 2}
  m_StaticBatchInfo:
    firstSubMesh: 0
    subMeshCount: 0
  m_StaticBatchRoot: {fileID: 0}
  m_ProbeAnchor: {fileID: 0}
  m_LightProbeVolumeOverride: {fileID: 0}
  m_ScaleInLightmap: 1
  m_ReceiveGI: 1
  m_PreserveUVs: 0
  m_IgnoreNormalsForChartDetection: 0
  m_ImportantGI: 0
  m_StitchLightmapSeams: 1
  m_SelectedEditorRenderState: 3
  m_MinimumChartSize: 4
  m_AutoUVMaxDistance: 0.5
  m_AutoUVMaxAngle: 89
  m_LightmapParameters: {fileID: 0}
  m_SortingLayerID: 0
  m_SortingLayer: 0
  m_SortingOrder: 0
  m_AdditionalVertexStreams: {fileID: 0}
--- !u!114 &5147915293045209564
MonoBehaviour:
  m_ObjectHideFlags: 0
  m_CorrespondingSourceObject: {fileID: 0}
  m_PrefabInstance: {fileID: 0}
  m_PrefabAsset: {fileID: 0}
  m_GameObject: {fileID: 5147915293045209566}
  m_Enabled: 1
  m_EditorHideFlags: 0
  m_Script: {fileID: 11500000, guid: 9541d86e2fd84c1d9990edf0852d74ab, type: 3}
  m_Name: 
  m_EditorClassIdentifier: 
  m_Material: {fileID: 0}
  m_Color: {r: 1, g: 1, b: 1, a: 1}
  m_RaycastTarget: 1
  m_RaycastPadding: {x: 0, y: 0, z: 0, w: 0}
  m_Maskable: 1
  m_OnCullStateChanged:
    m_PersistentCalls:
      m_Calls: []
  m_text: Main menu
  m_isRightToLeft: 0
  m_fontAsset: {fileID: 11400000, guid: b69b997d207855048b0657dbcc7d35fe, type: 2}
  m_sharedMaterial: {fileID: 2180264, guid: b69b997d207855048b0657dbcc7d35fe, type: 2}
  m_fontSharedMaterials: []
  m_fontMaterial: {fileID: 0}
  m_fontMaterials: []
  m_fontColor32:
    serializedVersion: 2
    rgba: 4294967295
  m_fontColor: {r: 1, g: 1, b: 1, a: 1}
  m_enableVertexGradient: 0
  m_colorMode: 3
  m_fontColorGradient:
    topLeft: {r: 1, g: 1, b: 1, a: 1}
    topRight: {r: 1, g: 1, b: 1, a: 1}
    bottomLeft: {r: 1, g: 1, b: 1, a: 1}
    bottomRight: {r: 1, g: 1, b: 1, a: 1}
  m_fontColorGradientPreset: {fileID: 0}
  m_spriteAsset: {fileID: 0}
  m_tintAllSprites: 0
  m_StyleSheet: {fileID: 0}
  m_TextStyleHashCode: -1183493901
  m_overrideHtmlColors: 0
  m_faceColor:
    serializedVersion: 2
    rgba: 4294967295
  m_fontSize: 10
  m_fontSizeBase: 10
  m_fontWeight: 400
  m_enableAutoSizing: 0
  m_fontSizeMin: 18
  m_fontSizeMax: 72
  m_fontStyle: 0
  m_HorizontalAlignment: 1
  m_VerticalAlignment: 256
  m_textAlignment: 65535
  m_characterSpacing: 0
  m_wordSpacing: 0
  m_lineSpacing: 0
  m_lineSpacingMax: 0
  m_paragraphSpacing: 0
  m_charWidthMaxAdj: 0
  m_enableWordWrapping: 1
  m_wordWrappingRatios: 0.4
  m_overflowMode: 0
  m_linkedTextComponent: {fileID: 0}
  parentLinkedComponent: {fileID: 0}
  m_enableKerning: 1
  m_enableExtraPadding: 0
  checkPaddingRequired: 0
  m_isRichText: 1
  m_parseCtrlCharacters: 1
  m_isOrthographic: 0
  m_isCullingEnabled: 0
  m_horizontalMapping: 0
  m_verticalMapping: 0
  m_uvLineOffset: 0
  m_geometrySortingOrder: 0
  m_IsTextObjectScaleStatic: 0
  m_VertexBufferAutoSizeReduction: 0
  m_useMaxVisibleDescender: 1
  m_pageToDisplay: 1
  m_margin: {x: 0, y: 0, z: 0, w: 0}
  m_isUsingLegacyAnimationComponent: 0
  m_isVolumetricText: 0
  m_hasFontAssetChanged: 0
  m_renderer: {fileID: 5147915293045209563}
  m_maskType: 0
  _SortingLayer: 0
  _SortingLayerID: 0
  _SortingOrder: 0
--- !u!1 &5147915293316855207
GameObject:
  m_ObjectHideFlags: 0
  m_CorrespondingSourceObject: {fileID: 0}
  m_PrefabInstance: {fileID: 0}
  m_PrefabAsset: {fileID: 0}
  serializedVersion: 6
  m_Component:
  - component: {fileID: 5147915293316855206}
  m_Layer: 0
  m_Name: Items
  m_TagString: Untagged
  m_Icon: {fileID: 0}
  m_NavMeshLayer: 0
  m_StaticEditorFlags: 0
  m_IsActive: 1
--- !u!4 &5147915293316855206
Transform:
  m_ObjectHideFlags: 0
  m_CorrespondingSourceObject: {fileID: 0}
  m_PrefabInstance: {fileID: 0}
  m_PrefabAsset: {fileID: 0}
  m_GameObject: {fileID: 5147915293316855207}
  m_LocalRotation: {x: 0, y: 0, z: 0, w: 1}
  m_LocalPosition: {x: 0, y: 0, z: 0}
  m_LocalScale: {x: 1, y: 1, z: 1}
  m_Children:
  - {fileID: 5147915293436017681}
  - {fileID: 7219702178497663213}
  - {fileID: 7219702177994328280}
  - {fileID: 7219702178901909998}
  m_Father: {fileID: 5147915294384607735}
  m_RootOrder: 4
  m_LocalEulerAnglesHint: {x: 0, y: 0, z: 0}
--- !u!1 &5147915294384607740
GameObject:
  m_ObjectHideFlags: 0
  m_CorrespondingSourceObject: {fileID: 0}
  m_PrefabInstance: {fileID: 0}
  m_PrefabAsset: {fileID: 0}
  serializedVersion: 6
  m_Component:
  - component: {fileID: 5147915294384607735}
  - component: {fileID: 5147915294384607736}
  - component: {fileID: 5147915294384607739}
  m_Layer: 0
  m_Name: XRMenu
  m_TagString: Untagged
  m_Icon: {fileID: 0}
  m_NavMeshLayer: 0
  m_StaticEditorFlags: 0
  m_IsActive: 1
--- !u!4 &5147915294384607735
Transform:
  m_ObjectHideFlags: 0
  m_CorrespondingSourceObject: {fileID: 0}
  m_PrefabInstance: {fileID: 0}
  m_PrefabAsset: {fileID: 0}
  m_GameObject: {fileID: 5147915294384607740}
  m_LocalRotation: {x: -0.38268343, y: 0, z: 0, w: 0.92387956}
  m_LocalPosition: {x: 0, y: 0, z: 0}
  m_LocalScale: {x: 1, y: 1, z: 1}
  m_Children:
  - {fileID: 8814084121431139071}
  - {fileID: 5147915293045209565}
  - {fileID: 7219702178037674172}
  - {fileID: 7219702178146710777}
  - {fileID: 5147915293316855206}
  - {fileID: 3305591958008272636}
  m_Father: {fileID: 0}
  m_RootOrder: 0
  m_LocalEulerAnglesHint: {x: -45, y: 0, z: 0}
--- !u!33 &5147915294384607736
MeshFilter:
  m_ObjectHideFlags: 0
  m_CorrespondingSourceObject: {fileID: 0}
  m_PrefabInstance: {fileID: 0}
  m_PrefabAsset: {fileID: 0}
  m_GameObject: {fileID: 5147915294384607740}
  m_Mesh: {fileID: 10209, guid: 0000000000000000e000000000000000, type: 0}
--- !u!114 &5147915294384607739
MonoBehaviour:
  m_ObjectHideFlags: 0
  m_CorrespondingSourceObject: {fileID: 0}
  m_PrefabInstance: {fileID: 0}
  m_PrefabAsset: {fileID: 0}
  m_GameObject: {fileID: 5147915294384607740}
  m_Enabled: 1
  m_EditorHideFlags: 0
  m_Script: {fileID: 11500000, guid: 54d48eee60b11fa48b1082f605e28a56, type: 3}
  m_Name: 
  m_EditorClassIdentifier: 
  _Title: {fileID: 5147915293045209564}
  _ToolBar: {fileID: 0}
  _PinButton: {fileID: 7403255556736344176}
  _CloseButton: {fileID: 7403255556358808629}
  _XRElementsContainer: {fileID: 5147915293316855206}
--- !u!1001 &3663077041551028945
PrefabInstance:
  m_ObjectHideFlags: 0
  serializedVersion: 2
  m_Modification:
    m_TransformParent: {fileID: 5147915294384607735}
    m_Modifications:
    - target: {fileID: 60253501299469775, guid: e3904a5c81495de4389676f05f88514c,
        type: 3}
      propertyPath: m_Name
      value: ToolBar (Selection)
      objectReference: {fileID: 0}
    - target: {fileID: 2236617166234395693, guid: e3904a5c81495de4389676f05f88514c,
        type: 3}
      propertyPath: m_RootOrder
      value: 5
      objectReference: {fileID: 0}
    - target: {fileID: 2236617166234395693, guid: e3904a5c81495de4389676f05f88514c,
        type: 3}
      propertyPath: m_LocalPosition.x
      value: 6.5
      objectReference: {fileID: 0}
    - target: {fileID: 2236617166234395693, guid: e3904a5c81495de4389676f05f88514c,
        type: 3}
      propertyPath: m_LocalPosition.y
      value: 0
      objectReference: {fileID: 0}
    - target: {fileID: 2236617166234395693, guid: e3904a5c81495de4389676f05f88514c,
        type: 3}
      propertyPath: m_LocalPosition.z
      value: 0
      objectReference: {fileID: 0}
    - target: {fileID: 2236617166234395693, guid: e3904a5c81495de4389676f05f88514c,
        type: 3}
      propertyPath: m_LocalRotation.w
      value: 1
      objectReference: {fileID: 0}
    - target: {fileID: 2236617166234395693, guid: e3904a5c81495de4389676f05f88514c,
        type: 3}
      propertyPath: m_LocalRotation.x
      value: -0
      objectReference: {fileID: 0}
    - target: {fileID: 2236617166234395693, guid: e3904a5c81495de4389676f05f88514c,
        type: 3}
      propertyPath: m_LocalRotation.y
      value: -0
      objectReference: {fileID: 0}
    - target: {fileID: 2236617166234395693, guid: e3904a5c81495de4389676f05f88514c,
        type: 3}
      propertyPath: m_LocalRotation.z
      value: -0
      objectReference: {fileID: 0}
    - target: {fileID: 2236617166234395693, guid: e3904a5c81495de4389676f05f88514c,
        type: 3}
      propertyPath: m_LocalEulerAnglesHint.x
      value: -45
      objectReference: {fileID: 0}
    - target: {fileID: 2236617166234395693, guid: e3904a5c81495de4389676f05f88514c,
        type: 3}
      propertyPath: m_LocalEulerAnglesHint.y
      value: 0
      objectReference: {fileID: 0}
    - target: {fileID: 2236617166234395693, guid: e3904a5c81495de4389676f05f88514c,
        type: 3}
      propertyPath: m_LocalEulerAnglesHint.z
      value: 0
      objectReference: {fileID: 0}
    - target: {fileID: 3585650148103487665, guid: e3904a5c81495de4389676f05f88514c,
        type: 3}
      propertyPath: m_CastShadows
      value: 0
      objectReference: {fileID: 0}
    - target: {fileID: 3739443813676767997, guid: e3904a5c81495de4389676f05f88514c,
        type: 3}
      propertyPath: _Color.b
      value: 1
      objectReference: {fileID: 0}
    - target: {fileID: 3739443813676767997, guid: e3904a5c81495de4389676f05f88514c,
        type: 3}
      propertyPath: _Color.g
      value: 1
      objectReference: {fileID: 0}
    - target: {fileID: 3739443813676767997, guid: e3904a5c81495de4389676f05f88514c,
        type: 3}
      propertyPath: _Color.r
      value: 1
      objectReference: {fileID: 0}
    - target: {fileID: 3739443813676767997, guid: e3904a5c81495de4389676f05f88514c,
        type: 3}
      propertyPath: _IndicatorActivated
      value: 0
      objectReference: {fileID: 0}
    m_RemovedComponents: []
  m_SourcePrefab: {fileID: 100100000, guid: e3904a5c81495de4389676f05f88514c, type: 3}
--- !u!4 &3305591958008272636 stripped
Transform:
  m_CorrespondingSourceObject: {fileID: 2236617166234395693, guid: e3904a5c81495de4389676f05f88514c,
    type: 3}
  m_PrefabInstance: {fileID: 3663077041551028945}
  m_PrefabAsset: {fileID: 0}
--- !u!1001 &3886749483862600150
PrefabInstance:
  m_ObjectHideFlags: 0
  serializedVersion: 2
  m_Modification:
    m_TransformParent: {fileID: 5147915294384607735}
    m_Modifications:
    - target: {fileID: 5891001818520771884, guid: 3493a98bcf00eae40b01be788f0d6887,
        type: 3}
      propertyPath: m_Name
      value: PinButton
      objectReference: {fileID: 0}
    - target: {fileID: 5891001818520771887, guid: 3493a98bcf00eae40b01be788f0d6887,
        type: 3}
      propertyPath: m_RootOrder
      value: 3
      objectReference: {fileID: 0}
    - target: {fileID: 5891001818520771887, guid: 3493a98bcf00eae40b01be788f0d6887,
        type: 3}
      propertyPath: m_LocalPosition.x
      value: 3.25
      objectReference: {fileID: 0}
    - target: {fileID: 5891001818520771887, guid: 3493a98bcf00eae40b01be788f0d6887,
        type: 3}
      propertyPath: m_LocalPosition.y
      value: 0.5
      objectReference: {fileID: 0}
    - target: {fileID: 5891001818520771887, guid: 3493a98bcf00eae40b01be788f0d6887,
        type: 3}
      propertyPath: m_LocalPosition.z
      value: 4.5
      objectReference: {fileID: 0}
    - target: {fileID: 5891001818520771887, guid: 3493a98bcf00eae40b01be788f0d6887,
        type: 3}
      propertyPath: m_LocalRotation.w
      value: 1
      objectReference: {fileID: 0}
    - target: {fileID: 5891001818520771887, guid: 3493a98bcf00eae40b01be788f0d6887,
        type: 3}
      propertyPath: m_LocalRotation.x
      value: 0
      objectReference: {fileID: 0}
    - target: {fileID: 5891001818520771887, guid: 3493a98bcf00eae40b01be788f0d6887,
        type: 3}
      propertyPath: m_LocalRotation.y
      value: 0
      objectReference: {fileID: 0}
    - target: {fileID: 5891001818520771887, guid: 3493a98bcf00eae40b01be788f0d6887,
        type: 3}
      propertyPath: m_LocalRotation.z
      value: 0
      objectReference: {fileID: 0}
    - target: {fileID: 5891001818520771887, guid: 3493a98bcf00eae40b01be788f0d6887,
        type: 3}
      propertyPath: m_LocalEulerAnglesHint.x
      value: 0
      objectReference: {fileID: 0}
    - target: {fileID: 5891001818520771887, guid: 3493a98bcf00eae40b01be788f0d6887,
        type: 3}
      propertyPath: m_LocalEulerAnglesHint.y
      value: 0
      objectReference: {fileID: 0}
    - target: {fileID: 5891001818520771887, guid: 3493a98bcf00eae40b01be788f0d6887,
        type: 3}
      propertyPath: m_LocalEulerAnglesHint.z
      value: 0
      objectReference: {fileID: 0}
    m_RemovedComponents: []
  m_SourcePrefab: {fileID: 100100000, guid: 3493a98bcf00eae40b01be788f0d6887, type: 3}
--- !u!4 &7219702178146710777 stripped
Transform:
  m_CorrespondingSourceObject: {fileID: 5891001818520771887, guid: 3493a98bcf00eae40b01be788f0d6887,
    type: 3}
  m_PrefabInstance: {fileID: 3886749483862600150}
  m_PrefabAsset: {fileID: 0}
--- !u!114 &7403255556736344176 stripped
MonoBehaviour:
  m_CorrespondingSourceObject: {fileID: 6002497465362991526, guid: 3493a98bcf00eae40b01be788f0d6887,
    type: 3}
  m_PrefabInstance: {fileID: 3886749483862600150}
  m_PrefabAsset: {fileID: 0}
  m_GameObject: {fileID: 0}
  m_Enabled: 1
  m_EditorHideFlags: 0
  m_Script: {fileID: 11500000, guid: 25c5794c67c17e943b4ce9b13d4ee905, type: 3}
  m_Name: 
  m_EditorClassIdentifier: 
--- !u!1001 &5147915292699019356
PrefabInstance:
  m_ObjectHideFlags: 0
  serializedVersion: 2
  m_Modification:
    m_TransformParent: {fileID: 5147915293316855206}
    m_Modifications:
    - target: {fileID: 2540198750766749873, guid: 158c3db4abcb2fc479bde42a010d48cf,
        type: 3}
      propertyPath: m_RootOrder
      value: 1
      objectReference: {fileID: 0}
    - target: {fileID: 2540198750766749873, guid: 158c3db4abcb2fc479bde42a010d48cf,
        type: 3}
      propertyPath: m_LocalScale.x
      value: 0.2
      objectReference: {fileID: 0}
    - target: {fileID: 2540198750766749873, guid: 158c3db4abcb2fc479bde42a010d48cf,
        type: 3}
      propertyPath: m_LocalScale.y
      value: 0.2
      objectReference: {fileID: 0}
    - target: {fileID: 2540198750766749873, guid: 158c3db4abcb2fc479bde42a010d48cf,
        type: 3}
      propertyPath: m_LocalScale.z
      value: 0.2
      objectReference: {fileID: 0}
    - target: {fileID: 2540198750766749873, guid: 158c3db4abcb2fc479bde42a010d48cf,
        type: 3}
      propertyPath: m_LocalPosition.x
      value: 0
      objectReference: {fileID: 0}
    - target: {fileID: 2540198750766749873, guid: 158c3db4abcb2fc479bde42a010d48cf,
        type: 3}
      propertyPath: m_LocalPosition.y
      value: 0.4999986
      objectReference: {fileID: 0}
    - target: {fileID: 2540198750766749873, guid: 158c3db4abcb2fc479bde42a010d48cf,
        type: 3}
      propertyPath: m_LocalPosition.z
      value: 0
      objectReference: {fileID: 0}
    - target: {fileID: 2540198750766749873, guid: 158c3db4abcb2fc479bde42a010d48cf,
        type: 3}
      propertyPath: m_LocalRotation.w
      value: 1
      objectReference: {fileID: 0}
    - target: {fileID: 2540198750766749873, guid: 158c3db4abcb2fc479bde42a010d48cf,
        type: 3}
      propertyPath: m_LocalRotation.x
      value: -0
      objectReference: {fileID: 0}
    - target: {fileID: 2540198750766749873, guid: 158c3db4abcb2fc479bde42a010d48cf,
        type: 3}
      propertyPath: m_LocalRotation.y
      value: -0
      objectReference: {fileID: 0}
    - target: {fileID: 2540198750766749873, guid: 158c3db4abcb2fc479bde42a010d48cf,
        type: 3}
      propertyPath: m_LocalRotation.z
      value: -0
      objectReference: {fileID: 0}
    - target: {fileID: 2540198750766749873, guid: 158c3db4abcb2fc479bde42a010d48cf,
        type: 3}
      propertyPath: m_LocalEulerAnglesHint.x
      value: 0
      objectReference: {fileID: 0}
    - target: {fileID: 2540198750766749873, guid: 158c3db4abcb2fc479bde42a010d48cf,
        type: 3}
      propertyPath: m_LocalEulerAnglesHint.y
      value: 0
      objectReference: {fileID: 0}
    - target: {fileID: 2540198750766749873, guid: 158c3db4abcb2fc479bde42a010d48cf,
        type: 3}
      propertyPath: m_LocalEulerAnglesHint.z
      value: 0
      objectReference: {fileID: 0}
    - target: {fileID: 2540198750766749874, guid: 158c3db4abcb2fc479bde42a010d48cf,
        type: 3}
      propertyPath: m_Name
      value: ItemButton2
      objectReference: {fileID: 0}
    - target: {fileID: 2540198751869769216, guid: 158c3db4abcb2fc479bde42a010d48cf,
        type: 3}
      propertyPath: m_text
      value: Item 2
      objectReference: {fileID: 0}
    m_RemovedComponents: []
  m_SourcePrefab: {fileID: 100100000, guid: 158c3db4abcb2fc479bde42a010d48cf, type: 3}
--- !u!4 &7219702178497663213 stripped
Transform:
  m_CorrespondingSourceObject: {fileID: 2540198750766749873, guid: 158c3db4abcb2fc479bde42a010d48cf,
    type: 3}
  m_PrefabInstance: {fileID: 5147915292699019356}
  m_PrefabAsset: {fileID: 0}
--- !u!1001 &5147915293202354281
PrefabInstance:
  m_ObjectHideFlags: 0
  serializedVersion: 2
  m_Modification:
    m_TransformParent: {fileID: 5147915293316855206}
    m_Modifications:
    - target: {fileID: 2540198750766749873, guid: 158c3db4abcb2fc479bde42a010d48cf,
        type: 3}
      propertyPath: m_RootOrder
      value: 2
      objectReference: {fileID: 0}
    - target: {fileID: 2540198750766749873, guid: 158c3db4abcb2fc479bde42a010d48cf,
        type: 3}
      propertyPath: m_LocalScale.x
      value: 0.2
      objectReference: {fileID: 0}
    - target: {fileID: 2540198750766749873, guid: 158c3db4abcb2fc479bde42a010d48cf,
        type: 3}
      propertyPath: m_LocalScale.y
      value: 0.2
      objectReference: {fileID: 0}
    - target: {fileID: 2540198750766749873, guid: 158c3db4abcb2fc479bde42a010d48cf,
        type: 3}
      propertyPath: m_LocalScale.z
      value: 0.2
      objectReference: {fileID: 0}
    - target: {fileID: 2540198750766749873, guid: 158c3db4abcb2fc479bde42a010d48cf,
        type: 3}
      propertyPath: m_LocalPosition.x
      value: 3
      objectReference: {fileID: 0}
    - target: {fileID: 2540198750766749873, guid: 158c3db4abcb2fc479bde42a010d48cf,
        type: 3}
      propertyPath: m_LocalPosition.y
      value: 0.4999986
      objectReference: {fileID: 0}
    - target: {fileID: 2540198750766749873, guid: 158c3db4abcb2fc479bde42a010d48cf,
        type: 3}
      propertyPath: m_LocalPosition.z
      value: 0
      objectReference: {fileID: 0}
    - target: {fileID: 2540198750766749873, guid: 158c3db4abcb2fc479bde42a010d48cf,
        type: 3}
      propertyPath: m_LocalRotation.w
      value: 1
      objectReference: {fileID: 0}
    - target: {fileID: 2540198750766749873, guid: 158c3db4abcb2fc479bde42a010d48cf,
        type: 3}
      propertyPath: m_LocalRotation.x
      value: -0
      objectReference: {fileID: 0}
    - target: {fileID: 2540198750766749873, guid: 158c3db4abcb2fc479bde42a010d48cf,
        type: 3}
      propertyPath: m_LocalRotation.y
      value: -0
      objectReference: {fileID: 0}
    - target: {fileID: 2540198750766749873, guid: 158c3db4abcb2fc479bde42a010d48cf,
        type: 3}
      propertyPath: m_LocalRotation.z
      value: -0
      objectReference: {fileID: 0}
    - target: {fileID: 2540198750766749873, guid: 158c3db4abcb2fc479bde42a010d48cf,
        type: 3}
      propertyPath: m_LocalEulerAnglesHint.x
      value: 0
      objectReference: {fileID: 0}
    - target: {fileID: 2540198750766749873, guid: 158c3db4abcb2fc479bde42a010d48cf,
        type: 3}
      propertyPath: m_LocalEulerAnglesHint.y
      value: 0
      objectReference: {fileID: 0}
    - target: {fileID: 2540198750766749873, guid: 158c3db4abcb2fc479bde42a010d48cf,
        type: 3}
      propertyPath: m_LocalEulerAnglesHint.z
      value: 0
      objectReference: {fileID: 0}
    - target: {fileID: 2540198750766749874, guid: 158c3db4abcb2fc479bde42a010d48cf,
        type: 3}
      propertyPath: m_Name
      value: ItemButton3
      objectReference: {fileID: 0}
    - target: {fileID: 2540198751869769216, guid: 158c3db4abcb2fc479bde42a010d48cf,
        type: 3}
      propertyPath: m_text
      value: Item 3
      objectReference: {fileID: 0}
    m_RemovedComponents: []
  m_SourcePrefab: {fileID: 100100000, guid: 158c3db4abcb2fc479bde42a010d48cf, type: 3}
--- !u!4 &7219702177994328280 stripped
Transform:
  m_CorrespondingSourceObject: {fileID: 2540198750766749873, guid: 158c3db4abcb2fc479bde42a010d48cf,
    type: 3}
  m_PrefabInstance: {fileID: 5147915293202354281}
  m_PrefabAsset: {fileID: 0}
--- !u!1001 &5147915294187469151
PrefabInstance:
  m_ObjectHideFlags: 0
  serializedVersion: 2
  m_Modification:
    m_TransformParent: {fileID: 5147915293316855206}
    m_Modifications:
    - target: {fileID: 2540198750766749873, guid: 158c3db4abcb2fc479bde42a010d48cf,
        type: 3}
      propertyPath: m_RootOrder
      value: 3
      objectReference: {fileID: 0}
    - target: {fileID: 2540198750766749873, guid: 158c3db4abcb2fc479bde42a010d48cf,
        type: 3}
      propertyPath: m_LocalScale.x
      value: 0.2
      objectReference: {fileID: 0}
    - target: {fileID: 2540198750766749873, guid: 158c3db4abcb2fc479bde42a010d48cf,
        type: 3}
      propertyPath: m_LocalScale.y
      value: 0.2
      objectReference: {fileID: 0}
    - target: {fileID: 2540198750766749873, guid: 158c3db4abcb2fc479bde42a010d48cf,
        type: 3}
      propertyPath: m_LocalScale.z
      value: 0.2
      objectReference: {fileID: 0}
    - target: {fileID: 2540198750766749873, guid: 158c3db4abcb2fc479bde42a010d48cf,
        type: 3}
      propertyPath: m_LocalPosition.x
      value: 0
      objectReference: {fileID: 0}
    - target: {fileID: 2540198750766749873, guid: 158c3db4abcb2fc479bde42a010d48cf,
        type: 3}
      propertyPath: m_LocalPosition.y
      value: 0.5
      objectReference: {fileID: 0}
    - target: {fileID: 2540198750766749873, guid: 158c3db4abcb2fc479bde42a010d48cf,
        type: 3}
      propertyPath: m_LocalPosition.z
      value: -3
      objectReference: {fileID: 0}
    - target: {fileID: 2540198750766749873, guid: 158c3db4abcb2fc479bde42a010d48cf,
        type: 3}
      propertyPath: m_LocalRotation.w
      value: 1
      objectReference: {fileID: 0}
    - target: {fileID: 2540198750766749873, guid: 158c3db4abcb2fc479bde42a010d48cf,
        type: 3}
      propertyPath: m_LocalRotation.x
      value: -0
      objectReference: {fileID: 0}
    - target: {fileID: 2540198750766749873, guid: 158c3db4abcb2fc479bde42a010d48cf,
        type: 3}
      propertyPath: m_LocalRotation.y
      value: -0
      objectReference: {fileID: 0}
    - target: {fileID: 2540198750766749873, guid: 158c3db4abcb2fc479bde42a010d48cf,
        type: 3}
      propertyPath: m_LocalRotation.z
      value: -0
      objectReference: {fileID: 0}
    - target: {fileID: 2540198750766749873, guid: 158c3db4abcb2fc479bde42a010d48cf,
        type: 3}
      propertyPath: m_LocalEulerAnglesHint.x
      value: 0
      objectReference: {fileID: 0}
    - target: {fileID: 2540198750766749873, guid: 158c3db4abcb2fc479bde42a010d48cf,
        type: 3}
      propertyPath: m_LocalEulerAnglesHint.y
      value: 0
      objectReference: {fileID: 0}
    - target: {fileID: 2540198750766749873, guid: 158c3db4abcb2fc479bde42a010d48cf,
        type: 3}
      propertyPath: m_LocalEulerAnglesHint.z
      value: 0
      objectReference: {fileID: 0}
    - target: {fileID: 2540198750766749874, guid: 158c3db4abcb2fc479bde42a010d48cf,
        type: 3}
      propertyPath: m_Name
      value: ItemButton4
      objectReference: {fileID: 0}
    - target: {fileID: 2540198751869769216, guid: 158c3db4abcb2fc479bde42a010d48cf,
        type: 3}
      propertyPath: m_text
      value: Item 4
      objectReference: {fileID: 0}
    m_RemovedComponents: []
  m_SourcePrefab: {fileID: 100100000, guid: 158c3db4abcb2fc479bde42a010d48cf, type: 3}
--- !u!4 &7219702178901909998 stripped
Transform:
  m_CorrespondingSourceObject: {fileID: 2540198750766749873, guid: 158c3db4abcb2fc479bde42a010d48cf,
    type: 3}
  m_PrefabInstance: {fileID: 5147915294187469151}
  m_PrefabAsset: {fileID: 0}
--- !u!1001 &7209171437343238848
PrefabInstance:
  m_ObjectHideFlags: 0
  serializedVersion: 2
  m_Modification:
    m_TransformParent: {fileID: 5147915294384607735}
    m_Modifications:
    - target: {fileID: 17336931535870588, guid: b5f89ff763806894e9a1d36bdefb1811,
        type: 3}
      propertyPath: m_RootOrder
      value: 2
      objectReference: {fileID: 0}
    - target: {fileID: 17336931535870588, guid: b5f89ff763806894e9a1d36bdefb1811,
        type: 3}
      propertyPath: m_LocalPosition.x
      value: 4.5
      objectReference: {fileID: 0}
    - target: {fileID: 17336931535870588, guid: b5f89ff763806894e9a1d36bdefb1811,
        type: 3}
      propertyPath: m_LocalPosition.y
      value: 0.5
      objectReference: {fileID: 0}
    - target: {fileID: 17336931535870588, guid: b5f89ff763806894e9a1d36bdefb1811,
        type: 3}
      propertyPath: m_LocalPosition.z
      value: 4.5
      objectReference: {fileID: 0}
    - target: {fileID: 17336931535870588, guid: b5f89ff763806894e9a1d36bdefb1811,
        type: 3}
      propertyPath: m_LocalRotation.w
      value: 1
      objectReference: {fileID: 0}
    - target: {fileID: 17336931535870588, guid: b5f89ff763806894e9a1d36bdefb1811,
        type: 3}
      propertyPath: m_LocalRotation.x
      value: 0
      objectReference: {fileID: 0}
    - target: {fileID: 17336931535870588, guid: b5f89ff763806894e9a1d36bdefb1811,
        type: 3}
      propertyPath: m_LocalRotation.y
      value: 0
      objectReference: {fileID: 0}
    - target: {fileID: 17336931535870588, guid: b5f89ff763806894e9a1d36bdefb1811,
        type: 3}
      propertyPath: m_LocalRotation.z
      value: 0
      objectReference: {fileID: 0}
    - target: {fileID: 17336931535870588, guid: b5f89ff763806894e9a1d36bdefb1811,
        type: 3}
      propertyPath: m_LocalEulerAnglesHint.x
      value: 0
      objectReference: {fileID: 0}
    - target: {fileID: 17336931535870588, guid: b5f89ff763806894e9a1d36bdefb1811,
        type: 3}
      propertyPath: m_LocalEulerAnglesHint.y
      value: 0
      objectReference: {fileID: 0}
    - target: {fileID: 17336931535870588, guid: b5f89ff763806894e9a1d36bdefb1811,
        type: 3}
      propertyPath: m_LocalEulerAnglesHint.z
      value: 0
      objectReference: {fileID: 0}
    - target: {fileID: 17336931535870591, guid: b5f89ff763806894e9a1d36bdefb1811,
        type: 3}
      propertyPath: m_Name
      value: CloseButton
      objectReference: {fileID: 0}
    m_RemovedComponents: []
  m_SourcePrefab: {fileID: 100100000, guid: b5f89ff763806894e9a1d36bdefb1811, type: 3}
--- !u!4 &7219702178037674172 stripped
Transform:
  m_CorrespondingSourceObject: {fileID: 17336931535870588, guid: b5f89ff763806894e9a1d36bdefb1811,
    type: 3}
  m_PrefabInstance: {fileID: 7209171437343238848}
  m_PrefabAsset: {fileID: 0}
--- !u!114 &7403255556358808629 stripped
MonoBehaviour:
  m_CorrespondingSourceObject: {fileID: 194141376483970805, guid: b5f89ff763806894e9a1d36bdefb1811,
    type: 3}
  m_PrefabInstance: {fileID: 7209171437343238848}
  m_PrefabAsset: {fileID: 0}
  m_GameObject: {fileID: 0}
  m_Enabled: 1
  m_EditorHideFlags: 0
  m_Script: {fileID: 11500000, guid: 25c5794c67c17e943b4ce9b13d4ee905, type: 3}
  m_Name: 
  m_EditorClassIdentifier: 
--- !u!1001 &7219702178025972896
PrefabInstance:
  m_ObjectHideFlags: 0
  serializedVersion: 2
  m_Modification:
    m_TransformParent: {fileID: 5147915293316855206}
    m_Modifications:
    - target: {fileID: 2540198750766749873, guid: 158c3db4abcb2fc479bde42a010d48cf,
        type: 3}
      propertyPath: m_RootOrder
      value: 0
      objectReference: {fileID: 0}
    - target: {fileID: 2540198750766749873, guid: 158c3db4abcb2fc479bde42a010d48cf,
        type: 3}
      propertyPath: m_LocalScale.x
      value: 0.2
      objectReference: {fileID: 0}
    - target: {fileID: 2540198750766749873, guid: 158c3db4abcb2fc479bde42a010d48cf,
        type: 3}
      propertyPath: m_LocalScale.y
      value: 0.2
      objectReference: {fileID: 0}
    - target: {fileID: 2540198750766749873, guid: 158c3db4abcb2fc479bde42a010d48cf,
        type: 3}
      propertyPath: m_LocalScale.z
      value: 0.2
      objectReference: {fileID: 0}
    - target: {fileID: 2540198750766749873, guid: 158c3db4abcb2fc479bde42a010d48cf,
        type: 3}
      propertyPath: m_LocalPosition.x
      value: -3
      objectReference: {fileID: 0}
    - target: {fileID: 2540198750766749873, guid: 158c3db4abcb2fc479bde42a010d48cf,
        type: 3}
      propertyPath: m_LocalPosition.y
      value: 0.4999986
      objectReference: {fileID: 0}
    - target: {fileID: 2540198750766749873, guid: 158c3db4abcb2fc479bde42a010d48cf,
        type: 3}
      propertyPath: m_LocalPosition.z
      value: 0
      objectReference: {fileID: 0}
    - target: {fileID: 2540198750766749873, guid: 158c3db4abcb2fc479bde42a010d48cf,
        type: 3}
      propertyPath: m_LocalRotation.w
      value: 1
      objectReference: {fileID: 0}
    - target: {fileID: 2540198750766749873, guid: 158c3db4abcb2fc479bde42a010d48cf,
        type: 3}
      propertyPath: m_LocalRotation.x
      value: -0
      objectReference: {fileID: 0}
    - target: {fileID: 2540198750766749873, guid: 158c3db4abcb2fc479bde42a010d48cf,
        type: 3}
      propertyPath: m_LocalRotation.y
      value: -0
      objectReference: {fileID: 0}
    - target: {fileID: 2540198750766749873, guid: 158c3db4abcb2fc479bde42a010d48cf,
        type: 3}
      propertyPath: m_LocalRotation.z
      value: -0
      objectReference: {fileID: 0}
    - target: {fileID: 2540198750766749873, guid: 158c3db4abcb2fc479bde42a010d48cf,
        type: 3}
      propertyPath: m_LocalEulerAnglesHint.x
      value: 0
      objectReference: {fileID: 0}
    - target: {fileID: 2540198750766749873, guid: 158c3db4abcb2fc479bde42a010d48cf,
        type: 3}
      propertyPath: m_LocalEulerAnglesHint.y
      value: 0
      objectReference: {fileID: 0}
    - target: {fileID: 2540198750766749873, guid: 158c3db4abcb2fc479bde42a010d48cf,
        type: 3}
      propertyPath: m_LocalEulerAnglesHint.z
      value: 0
      objectReference: {fileID: 0}
    - target: {fileID: 2540198750766749874, guid: 158c3db4abcb2fc479bde42a010d48cf,
        type: 3}
      propertyPath: m_Name
      value: ItemButton1
      objectReference: {fileID: 0}
    m_RemovedComponents: []
  m_SourcePrefab: {fileID: 100100000, guid: 158c3db4abcb2fc479bde42a010d48cf, type: 3}
--- !u!4 &5147915293436017681 stripped
Transform:
  m_CorrespondingSourceObject: {fileID: 2540198750766749873, guid: 158c3db4abcb2fc479bde42a010d48cf,
    type: 3}
  m_PrefabInstance: {fileID: 7219702178025972896}
  m_PrefabAsset: {fileID: 0}
