%YAML 1.1
%TAG !u! tag:unity3d.com,2011:
--- !u!1 &7968563628404337088
GameObject:
  m_ObjectHideFlags: 0
  m_CorrespondingSourceObject: {fileID: 0}
  m_PrefabInstance: {fileID: 0}
  m_PrefabAsset: {fileID: 0}
  serializedVersion: 6
  m_Component:
  - component: {fileID: 7968563628404337089}
  - component: {fileID: 7968563628404337094}
  - component: {fileID: 7968563628404337095}
  m_Layer: 5
  m_Name: MAIN_MENU_PANEL
  m_TagString: Untagged
  m_Icon: {fileID: 0}
  m_NavMeshLayer: 0
  m_StaticEditorFlags: 0
  m_IsActive: 1
--- !u!224 &7968563628404337089
RectTransform:
  m_ObjectHideFlags: 0
  m_CorrespondingSourceObject: {fileID: 0}
  m_PrefabInstance: {fileID: 0}
  m_PrefabAsset: {fileID: 0}
  m_GameObject: {fileID: 7968563628404337088}
  m_LocalRotation: {x: 0, y: 0, z: 0, w: 1}
  m_LocalPosition: {x: 0, y: 0, z: 0}
  m_LocalScale: {x: 1, y: 1, z: 1}
  m_Children:
  - {fileID: 7968563628713452777}
  - {fileID: 7968563629524519947}
  m_Father: {fileID: 0}
  m_RootOrder: 0
  m_LocalEulerAnglesHint: {x: 0, y: 0, z: 0}
  m_AnchorMin: {x: 0, y: 0}
  m_AnchorMax: {x: 1, y: 1}
  m_AnchoredPosition: {x: 0, y: -26.851}
  m_SizeDelta: {x: 0, y: -53.7021}
  m_Pivot: {x: 0.5, y: 0.5}
--- !u!222 &7968563628404337094
CanvasRenderer:
  m_ObjectHideFlags: 0
  m_CorrespondingSourceObject: {fileID: 0}
  m_PrefabInstance: {fileID: 0}
  m_PrefabAsset: {fileID: 0}
  m_GameObject: {fileID: 7968563628404337088}
  m_CullTransparentMesh: 1
--- !u!114 &7968563628404337095
MonoBehaviour:
  m_ObjectHideFlags: 0
  m_CorrespondingSourceObject: {fileID: 0}
  m_PrefabInstance: {fileID: 0}
  m_PrefabAsset: {fileID: 0}
  m_GameObject: {fileID: 7968563628404337088}
  m_Enabled: 0
  m_EditorHideFlags: 0
  m_Script: {fileID: 11500000, guid: 30649d3a9faa99c48a7b1166b86bf2a0, type: 3}
  m_Name: 
  m_EditorClassIdentifier: 
  m_Padding:
    m_Left: 0
    m_Right: 0
    m_Top: 0
    m_Bottom: 0
  m_ChildAlignment: 3
  m_Spacing: 0
  m_ChildForceExpandWidth: 1
  m_ChildForceExpandHeight: 1
  m_ChildControlWidth: 0
  m_ChildControlHeight: 1
  m_ChildScaleWidth: 0
  m_ChildScaleHeight: 0
  m_ReverseArrangement: 0
--- !u!1001 &1976835127320588814
PrefabInstance:
  m_ObjectHideFlags: 0
  serializedVersion: 2
  m_Modification:
    m_TransformParent: {fileID: 7968563628404337089}
    m_Modifications:
    - target: {fileID: 122142768599927050, guid: 1e74b7c1fbdd676408724d3cc38f0f53,
        type: 3}
      propertyPath: m_AnchorMax.x
      value: 1
      objectReference: {fileID: 0}
    - target: {fileID: 122142768599927050, guid: 1e74b7c1fbdd676408724d3cc38f0f53,
        type: 3}
      propertyPath: m_AnchorMax.y
      value: 1
      objectReference: {fileID: 0}
    - target: {fileID: 122142768599927050, guid: 1e74b7c1fbdd676408724d3cc38f0f53,
        type: 3}
      propertyPath: m_AnchorMin.x
      value: 1
      objectReference: {fileID: 0}
    - target: {fileID: 122142768599927050, guid: 1e74b7c1fbdd676408724d3cc38f0f53,
        type: 3}
      propertyPath: m_AnchorMin.y
      value: 1
      objectReference: {fileID: 0}
    - target: {fileID: 122142768599927050, guid: 1e74b7c1fbdd676408724d3cc38f0f53,
        type: 3}
      propertyPath: m_SizeDelta.x
      value: 50
      objectReference: {fileID: 0}
    - target: {fileID: 122142768599927050, guid: 1e74b7c1fbdd676408724d3cc38f0f53,
        type: 3}
      propertyPath: m_SizeDelta.y
      value: 50
      objectReference: {fileID: 0}
    - target: {fileID: 122142768599927050, guid: 1e74b7c1fbdd676408724d3cc38f0f53,
        type: 3}
      propertyPath: m_AnchoredPosition.x
      value: -35
      objectReference: {fileID: 0}
    - target: {fileID: 122142768599927050, guid: 1e74b7c1fbdd676408724d3cc38f0f53,
        type: 3}
      propertyPath: m_AnchoredPosition.y
      value: -25
      objectReference: {fileID: 0}
    - target: {fileID: 521756790794659654, guid: 1e74b7c1fbdd676408724d3cc38f0f53,
        type: 3}
      propertyPath: m_AnchorMax.x
      value: 1
      objectReference: {fileID: 0}
    - target: {fileID: 521756790794659654, guid: 1e74b7c1fbdd676408724d3cc38f0f53,
        type: 3}
      propertyPath: m_AnchorMax.y
      value: 1
      objectReference: {fileID: 0}
    - target: {fileID: 521756790794659654, guid: 1e74b7c1fbdd676408724d3cc38f0f53,
        type: 3}
      propertyPath: m_AnchorMin.x
      value: 1
      objectReference: {fileID: 0}
    - target: {fileID: 521756790794659654, guid: 1e74b7c1fbdd676408724d3cc38f0f53,
        type: 3}
      propertyPath: m_AnchorMin.y
      value: 1
      objectReference: {fileID: 0}
    - target: {fileID: 521756790794659654, guid: 1e74b7c1fbdd676408724d3cc38f0f53,
        type: 3}
      propertyPath: m_AnchoredPosition.x
      value: -1029
      objectReference: {fileID: 0}
    - target: {fileID: 521756790794659654, guid: 1e74b7c1fbdd676408724d3cc38f0f53,
        type: 3}
      propertyPath: m_AnchoredPosition.y
      value: -28
      objectReference: {fileID: 0}
    - target: {fileID: 2633808943871761520, guid: 1e74b7c1fbdd676408724d3cc38f0f53,
        type: 3}
      propertyPath: m_AnchorMax.x
      value: 1
      objectReference: {fileID: 0}
    - target: {fileID: 2633808943871761520, guid: 1e74b7c1fbdd676408724d3cc38f0f53,
        type: 3}
      propertyPath: m_AnchorMax.y
      value: 1
      objectReference: {fileID: 0}
    - target: {fileID: 2633808943871761520, guid: 1e74b7c1fbdd676408724d3cc38f0f53,
        type: 3}
      propertyPath: m_AnchorMin.x
      value: 1
      objectReference: {fileID: 0}
    - target: {fileID: 2633808943871761520, guid: 1e74b7c1fbdd676408724d3cc38f0f53,
        type: 3}
      propertyPath: m_AnchorMin.y
      value: 1
      objectReference: {fileID: 0}
    - target: {fileID: 2633808943871761520, guid: 1e74b7c1fbdd676408724d3cc38f0f53,
        type: 3}
      propertyPath: m_SizeDelta.x
      value: 50
      objectReference: {fileID: 0}
    - target: {fileID: 2633808943871761520, guid: 1e74b7c1fbdd676408724d3cc38f0f53,
        type: 3}
      propertyPath: m_SizeDelta.y
      value: 50
      objectReference: {fileID: 0}
    - target: {fileID: 2633808943871761520, guid: 1e74b7c1fbdd676408724d3cc38f0f53,
        type: 3}
      propertyPath: m_AnchoredPosition.x
      value: -155
      objectReference: {fileID: 0}
    - target: {fileID: 2633808943871761520, guid: 1e74b7c1fbdd676408724d3cc38f0f53,
        type: 3}
      propertyPath: m_AnchoredPosition.y
      value: -25
      objectReference: {fileID: 0}
    - target: {fileID: 2685390456109254060, guid: 1e74b7c1fbdd676408724d3cc38f0f53,
        type: 3}
      propertyPath: m_Enabled
      value: 0
      objectReference: {fileID: 0}
    - target: {fileID: 4859230997616329082, guid: 1e74b7c1fbdd676408724d3cc38f0f53,
        type: 3}
      propertyPath: m_SizeDelta.x
      value: 0
      objectReference: {fileID: 0}
    - target: {fileID: 4859230997616329082, guid: 1e74b7c1fbdd676408724d3cc38f0f53,
        type: 3}
      propertyPath: m_SizeDelta.y
      value: 50
      objectReference: {fileID: 0}
    - target: {fileID: 4859230997616329082, guid: 1e74b7c1fbdd676408724d3cc38f0f53,
        type: 3}
      propertyPath: m_AnchoredPosition.x
      value: 0
      objectReference: {fileID: 0}
    - target: {fileID: 5394846643233396750, guid: 1e74b7c1fbdd676408724d3cc38f0f53,
        type: 3}
      propertyPath: m_Enabled
      value: 0
      objectReference: {fileID: 0}
    - target: {fileID: 5496450806632278380, guid: 1e74b7c1fbdd676408724d3cc38f0f53,
        type: 3}
      propertyPath: m_Value
      value: 0
      objectReference: {fileID: 0}
    - target: {fileID: 5605106673784654416, guid: 1e74b7c1fbdd676408724d3cc38f0f53,
        type: 3}
      propertyPath: m_AnchorMax.x
      value: 1
      objectReference: {fileID: 0}
    - target: {fileID: 5605106673784654416, guid: 1e74b7c1fbdd676408724d3cc38f0f53,
        type: 3}
      propertyPath: m_AnchorMax.y
      value: 1
      objectReference: {fileID: 0}
    - target: {fileID: 5605106673784654416, guid: 1e74b7c1fbdd676408724d3cc38f0f53,
        type: 3}
      propertyPath: m_AnchorMin.y
      value: 0
      objectReference: {fileID: 0}
    - target: {fileID: 5605106673784654416, guid: 1e74b7c1fbdd676408724d3cc38f0f53,
        type: 3}
      propertyPath: m_SizeDelta.x
      value: 0
      objectReference: {fileID: 0}
    - target: {fileID: 5605106673784654416, guid: 1e74b7c1fbdd676408724d3cc38f0f53,
        type: 3}
      propertyPath: m_SizeDelta.y
      value: -50
      objectReference: {fileID: 0}
    - target: {fileID: 5605106673784654416, guid: 1e74b7c1fbdd676408724d3cc38f0f53,
        type: 3}
      propertyPath: m_AnchoredPosition.x
      value: 0
      objectReference: {fileID: 0}
    - target: {fileID: 5605106673784654416, guid: 1e74b7c1fbdd676408724d3cc38f0f53,
        type: 3}
      propertyPath: m_AnchoredPosition.y
      value: -25
      objectReference: {fileID: 0}
    - target: {fileID: 5606050347684753991, guid: 1e74b7c1fbdd676408724d3cc38f0f53,
        type: 3}
      propertyPath: m_OnValueChanged.m_PersistentCalls.m_Calls.Array.size
      value: 1
      objectReference: {fileID: 0}
    - target: {fileID: 5606050347684753991, guid: 1e74b7c1fbdd676408724d3cc38f0f53,
        type: 3}
      propertyPath: m_OnValueChanged.m_PersistentCalls.m_Calls.Array.data[0].m_Mode
      value: 1
      objectReference: {fileID: 0}
    - target: {fileID: 5606050347684753991, guid: 1e74b7c1fbdd676408724d3cc38f0f53,
        type: 3}
      propertyPath: m_OnValueChanged.m_PersistentCalls.m_Calls.Array.data[0].m_CallState
      value: 2
      objectReference: {fileID: 0}
    - target: {fileID: 5606050347684753991, guid: 1e74b7c1fbdd676408724d3cc38f0f53,
        type: 3}
      propertyPath: m_OnValueChanged.m_PersistentCalls.m_Calls.Array.data[0].m_MethodName
      value: DatasetSetSearchWithFilter
      objectReference: {fileID: 0}
    - target: {fileID: 5606050347684753991, guid: 1e74b7c1fbdd676408724d3cc38f0f53,
        type: 3}
      propertyPath: m_OnValueChanged.m_PersistentCalls.m_Calls.Array.data[0].m_TargetAssemblyTypeName
      value: LoadParameters, Assembly-CSharp
      objectReference: {fileID: 0}
    - target: {fileID: 5606050347684753991, guid: 1e74b7c1fbdd676408724d3cc38f0f53,
        type: 3}
      propertyPath: m_OnValueChanged.m_PersistentCalls.m_Calls.Array.data[0].m_Arguments.m_ObjectArgumentAssemblyTypeName
      value: UnityEngine.Object, UnityEngine
      objectReference: {fileID: 0}
    - target: {fileID: 5896033243354567162, guid: 1e74b7c1fbdd676408724d3cc38f0f53,
        type: 3}
      propertyPath: m_MinHeight
      value: -1
      objectReference: {fileID: 0}
    - target: {fileID: 6540242271777369858, guid: 1e74b7c1fbdd676408724d3cc38f0f53,
        type: 3}
      propertyPath: m_AnchorMax.x
      value: 0
      objectReference: {fileID: 0}
    - target: {fileID: 6540242271777369858, guid: 1e74b7c1fbdd676408724d3cc38f0f53,
        type: 3}
      propertyPath: m_AnchorMax.y
      value: 0
      objectReference: {fileID: 0}
    - target: {fileID: 6859127026867143077, guid: 1e74b7c1fbdd676408724d3cc38f0f53,
        type: 3}
      propertyPath: m_OnClick.m_PersistentCalls.m_Calls.Array.size
      value: 1
      objectReference: {fileID: 0}
    - target: {fileID: 6859127026867143077, guid: 1e74b7c1fbdd676408724d3cc38f0f53,
        type: 3}
      propertyPath: m_OnClick.m_PersistentCalls.m_Calls.Array.data[0].m_Mode
      value: 6
      objectReference: {fileID: 0}
    - target: {fileID: 6859127026867143077, guid: 1e74b7c1fbdd676408724d3cc38f0f53,
        type: 3}
      propertyPath: m_OnClick.m_PersistentCalls.m_Calls.Array.data[0].m_CallState
      value: 2
      objectReference: {fileID: 0}
    - target: {fileID: 6859127026867143077, guid: 1e74b7c1fbdd676408724d3cc38f0f53,
        type: 3}
      propertyPath: m_OnClick.m_PersistentCalls.m_Calls.Array.data[0].m_MethodName
      value: SetAddDatasetPanelActive
      objectReference: {fileID: 0}
    - target: {fileID: 6859127026867143077, guid: 1e74b7c1fbdd676408724d3cc38f0f53,
        type: 3}
      propertyPath: m_OnClick.m_PersistentCalls.m_Calls.Array.data[0].m_TargetAssemblyTypeName
      value: StandaloneMainMenuInteractions, Assembly-CSharp
      objectReference: {fileID: 0}
    - target: {fileID: 6859127026867143077, guid: 1e74b7c1fbdd676408724d3cc38f0f53,
        type: 3}
      propertyPath: m_OnClick.m_PersistentCalls.m_Calls.Array.data[0].m_Arguments.m_BoolArgument
      value: 1
      objectReference: {fileID: 0}
    - target: {fileID: 6859127026867143077, guid: 1e74b7c1fbdd676408724d3cc38f0f53,
        type: 3}
      propertyPath: m_OnClick.m_PersistentCalls.m_Calls.Array.data[0].m_Arguments.m_ObjectArgumentAssemblyTypeName
      value: UnityEngine.Object, UnityEngine
      objectReference: {fileID: 0}
    - target: {fileID: 6933108785658502079, guid: 1e74b7c1fbdd676408724d3cc38f0f53,
        type: 3}
      propertyPath: m_AnchorMax.x
      value: 1
      objectReference: {fileID: 0}
    - target: {fileID: 6933108785658502079, guid: 1e74b7c1fbdd676408724d3cc38f0f53,
        type: 3}
      propertyPath: m_AnchorMax.y
      value: 1
      objectReference: {fileID: 0}
    - target: {fileID: 6933108785658502079, guid: 1e74b7c1fbdd676408724d3cc38f0f53,
        type: 3}
      propertyPath: m_AnchorMin.x
      value: 1
      objectReference: {fileID: 0}
    - target: {fileID: 6933108785658502079, guid: 1e74b7c1fbdd676408724d3cc38f0f53,
        type: 3}
      propertyPath: m_AnchorMin.y
      value: 1
      objectReference: {fileID: 0}
    - target: {fileID: 6933108785658502079, guid: 1e74b7c1fbdd676408724d3cc38f0f53,
        type: 3}
      propertyPath: m_SizeDelta.x
      value: 50
      objectReference: {fileID: 0}
    - target: {fileID: 6933108785658502079, guid: 1e74b7c1fbdd676408724d3cc38f0f53,
        type: 3}
      propertyPath: m_SizeDelta.y
      value: 50
      objectReference: {fileID: 0}
    - target: {fileID: 6933108785658502079, guid: 1e74b7c1fbdd676408724d3cc38f0f53,
        type: 3}
      propertyPath: m_AnchoredPosition.x
      value: -95
      objectReference: {fileID: 0}
    - target: {fileID: 6933108785658502079, guid: 1e74b7c1fbdd676408724d3cc38f0f53,
        type: 3}
      propertyPath: m_AnchoredPosition.y
      value: -25
      objectReference: {fileID: 0}
    - target: {fileID: 7135145386473608631, guid: 1e74b7c1fbdd676408724d3cc38f0f53,
        type: 3}
      propertyPath: m_AnchorMax.y
      value: 0
      objectReference: {fileID: 0}
    - target: {fileID: 7135145386473608631, guid: 1e74b7c1fbdd676408724d3cc38f0f53,
        type: 3}
      propertyPath: m_AnchorMin.y
      value: 0
      objectReference: {fileID: 0}
    - target: {fileID: 7135145386473608631, guid: 1e74b7c1fbdd676408724d3cc38f0f53,
        type: 3}
      propertyPath: m_AnchoredPosition.x
      value: 0
      objectReference: {fileID: 0}
    - target: {fileID: 7135145386473608631, guid: 1e74b7c1fbdd676408724d3cc38f0f53,
        type: 3}
      propertyPath: m_AnchoredPosition.y
      value: 0
      objectReference: {fileID: 0}
    - target: {fileID: 7898877946152844062, guid: 1e74b7c1fbdd676408724d3cc38f0f53,
        type: 3}
      propertyPath: m_AnchorMax.x
      value: 1
      objectReference: {fileID: 0}
    - target: {fileID: 7898877946152844062, guid: 1e74b7c1fbdd676408724d3cc38f0f53,
        type: 3}
      propertyPath: m_AnchorMax.y
      value: 1
      objectReference: {fileID: 0}
    - target: {fileID: 7898877946152844062, guid: 1e74b7c1fbdd676408724d3cc38f0f53,
        type: 3}
      propertyPath: m_AnchorMin.y
      value: 1
      objectReference: {fileID: 0}
    - target: {fileID: 7898877946152844062, guid: 1e74b7c1fbdd676408724d3cc38f0f53,
        type: 3}
      propertyPath: m_SizeDelta.x
      value: 0
      objectReference: {fileID: 0}
    - target: {fileID: 7898877946152844062, guid: 1e74b7c1fbdd676408724d3cc38f0f53,
        type: 3}
      propertyPath: m_SizeDelta.y
      value: 50
      objectReference: {fileID: 0}
    - target: {fileID: 7898877946152844062, guid: 1e74b7c1fbdd676408724d3cc38f0f53,
        type: 3}
      propertyPath: m_AnchoredPosition.x
      value: 0
      objectReference: {fileID: 0}
    - target: {fileID: 7898877946152844062, guid: 1e74b7c1fbdd676408724d3cc38f0f53,
        type: 3}
      propertyPath: m_AnchoredPosition.y
      value: -25
      objectReference: {fileID: 0}
    - target: {fileID: 8288367092453386139, guid: 1e74b7c1fbdd676408724d3cc38f0f53,
        type: 3}
      propertyPath: m_AnchorMax.x
      value: 0
      objectReference: {fileID: 0}
    - target: {fileID: 8288367092453386139, guid: 1e74b7c1fbdd676408724d3cc38f0f53,
        type: 3}
      propertyPath: m_AnchorMax.y
      value: 0
      objectReference: {fileID: 0}
    - target: {fileID: 8288367092453386139, guid: 1e74b7c1fbdd676408724d3cc38f0f53,
        type: 3}
      propertyPath: m_SizeDelta.x
      value: 0
      objectReference: {fileID: 0}
    - target: {fileID: 8500869158536035840, guid: 1e74b7c1fbdd676408724d3cc38f0f53,
        type: 3}
      propertyPath: m_FlexibleWidth
      value: -1
      objectReference: {fileID: 0}
    - target: {fileID: 8500869158536035844, guid: 1e74b7c1fbdd676408724d3cc38f0f53,
        type: 3}
      propertyPath: m_Name
      value: DATASET_DISPLAY_PANEL
      objectReference: {fileID: 0}
    - target: {fileID: 8500869158536035845, guid: 1e74b7c1fbdd676408724d3cc38f0f53,
        type: 3}
      propertyPath: m_Pivot.x
      value: 0.5
      objectReference: {fileID: 0}
    - target: {fileID: 8500869158536035845, guid: 1e74b7c1fbdd676408724d3cc38f0f53,
        type: 3}
      propertyPath: m_Pivot.y
      value: 0.5
      objectReference: {fileID: 0}
    - target: {fileID: 8500869158536035845, guid: 1e74b7c1fbdd676408724d3cc38f0f53,
        type: 3}
      propertyPath: m_RootOrder
      value: 1
      objectReference: {fileID: 0}
    - target: {fileID: 8500869158536035845, guid: 1e74b7c1fbdd676408724d3cc38f0f53,
        type: 3}
      propertyPath: m_AnchorMax.x
      value: 1
      objectReference: {fileID: 0}
    - target: {fileID: 8500869158536035845, guid: 1e74b7c1fbdd676408724d3cc38f0f53,
        type: 3}
      propertyPath: m_AnchorMax.y
      value: 1
      objectReference: {fileID: 0}
    - target: {fileID: 8500869158536035845, guid: 1e74b7c1fbdd676408724d3cc38f0f53,
        type: 3}
      propertyPath: m_AnchorMin.x
      value: 0
      objectReference: {fileID: 0}
    - target: {fileID: 8500869158536035845, guid: 1e74b7c1fbdd676408724d3cc38f0f53,
        type: 3}
      propertyPath: m_AnchorMin.y
      value: 1
      objectReference: {fileID: 0}
    - target: {fileID: 8500869158536035845, guid: 1e74b7c1fbdd676408724d3cc38f0f53,
        type: 3}
      propertyPath: m_SizeDelta.x
      value: -385.3
      objectReference: {fileID: 0}
    - target: {fileID: 8500869158536035845, guid: 1e74b7c1fbdd676408724d3cc38f0f53,
        type: 3}
      propertyPath: m_SizeDelta.y
      value: 777
      objectReference: {fileID: 0}
    - target: {fileID: 8500869158536035845, guid: 1e74b7c1fbdd676408724d3cc38f0f53,
        type: 3}
      propertyPath: m_LocalPosition.x
      value: 0
      objectReference: {fileID: 0}
    - target: {fileID: 8500869158536035845, guid: 1e74b7c1fbdd676408724d3cc38f0f53,
        type: 3}
      propertyPath: m_LocalPosition.y
      value: 0
      objectReference: {fileID: 0}
    - target: {fileID: 8500869158536035845, guid: 1e74b7c1fbdd676408724d3cc38f0f53,
        type: 3}
      propertyPath: m_LocalPosition.z
      value: 0
      objectReference: {fileID: 0}
    - target: {fileID: 8500869158536035845, guid: 1e74b7c1fbdd676408724d3cc38f0f53,
        type: 3}
      propertyPath: m_LocalRotation.w
      value: 1
      objectReference: {fileID: 0}
    - target: {fileID: 8500869158536035845, guid: 1e74b7c1fbdd676408724d3cc38f0f53,
        type: 3}
      propertyPath: m_LocalRotation.x
      value: 0
      objectReference: {fileID: 0}
    - target: {fileID: 8500869158536035845, guid: 1e74b7c1fbdd676408724d3cc38f0f53,
        type: 3}
      propertyPath: m_LocalRotation.y
      value: 0
      objectReference: {fileID: 0}
    - target: {fileID: 8500869158536035845, guid: 1e74b7c1fbdd676408724d3cc38f0f53,
        type: 3}
      propertyPath: m_LocalRotation.z
      value: 0
      objectReference: {fileID: 0}
    - target: {fileID: 8500869158536035845, guid: 1e74b7c1fbdd676408724d3cc38f0f53,
        type: 3}
      propertyPath: m_AnchoredPosition.x
      value: 192.65002
      objectReference: {fileID: 0}
    - target: {fileID: 8500869158536035845, guid: 1e74b7c1fbdd676408724d3cc38f0f53,
        type: 3}
      propertyPath: m_AnchoredPosition.y
      value: -388.49997
      objectReference: {fileID: 0}
    - target: {fileID: 8500869158536035845, guid: 1e74b7c1fbdd676408724d3cc38f0f53,
        type: 3}
      propertyPath: m_LocalEulerAnglesHint.x
      value: 0
      objectReference: {fileID: 0}
    - target: {fileID: 8500869158536035845, guid: 1e74b7c1fbdd676408724d3cc38f0f53,
        type: 3}
      propertyPath: m_LocalEulerAnglesHint.y
      value: 0
      objectReference: {fileID: 0}
    - target: {fileID: 8500869158536035845, guid: 1e74b7c1fbdd676408724d3cc38f0f53,
        type: 3}
      propertyPath: m_LocalEulerAnglesHint.z
      value: 0
      objectReference: {fileID: 0}
    - target: {fileID: 8621852635045480331, guid: 1e74b7c1fbdd676408724d3cc38f0f53,
        type: 3}
      propertyPath: m_AnchorMax.x
      value: 1
      objectReference: {fileID: 0}
    - target: {fileID: 8621852635045480331, guid: 1e74b7c1fbdd676408724d3cc38f0f53,
        type: 3}
      propertyPath: m_AnchorMax.y
      value: 1
      objectReference: {fileID: 0}
    - target: {fileID: 8621852635045480331, guid: 1e74b7c1fbdd676408724d3cc38f0f53,
        type: 3}
      propertyPath: m_AnchorMin.x
      value: 1
      objectReference: {fileID: 0}
    - target: {fileID: 8621852635045480331, guid: 1e74b7c1fbdd676408724d3cc38f0f53,
        type: 3}
      propertyPath: m_AnchorMin.y
      value: 1
      objectReference: {fileID: 0}
    - target: {fileID: 8621852635045480331, guid: 1e74b7c1fbdd676408724d3cc38f0f53,
        type: 3}
      propertyPath: m_SizeDelta.x
      value: 50
      objectReference: {fileID: 0}
    - target: {fileID: 8621852635045480331, guid: 1e74b7c1fbdd676408724d3cc38f0f53,
        type: 3}
      propertyPath: m_SizeDelta.y
      value: 50
      objectReference: {fileID: 0}
    - target: {fileID: 8621852635045480331, guid: 1e74b7c1fbdd676408724d3cc38f0f53,
        type: 3}
      propertyPath: m_AnchoredPosition.x
      value: -215
      objectReference: {fileID: 0}
    - target: {fileID: 8621852635045480331, guid: 1e74b7c1fbdd676408724d3cc38f0f53,
        type: 3}
      propertyPath: m_AnchoredPosition.y
      value: -25
      objectReference: {fileID: 0}
    - target: {fileID: 8925949233947872742, guid: 1e74b7c1fbdd676408724d3cc38f0f53,
        type: 3}
      propertyPath: m_SizeDelta.x
      value: 20
      objectReference: {fileID: 0}
    - target: {fileID: 8925949233947872742, guid: 1e74b7c1fbdd676408724d3cc38f0f53,
        type: 3}
      propertyPath: m_SizeDelta.y
      value: 0
      objectReference: {fileID: 0}
    - target: {fileID: 8961426588681983327, guid: 1e74b7c1fbdd676408724d3cc38f0f53,
        type: 3}
      propertyPath: m_AnchorMax.x
      value: 1
      objectReference: {fileID: 0}
    - target: {fileID: 8961426588681983327, guid: 1e74b7c1fbdd676408724d3cc38f0f53,
        type: 3}
      propertyPath: m_AnchorMin.x
      value: 1
      objectReference: {fileID: 0}
    - target: {fileID: 8961426588681983327, guid: 1e74b7c1fbdd676408724d3cc38f0f53,
        type: 3}
      propertyPath: m_SizeDelta.x
      value: 50
      objectReference: {fileID: 0}
    - target: {fileID: 8961426588681983327, guid: 1e74b7c1fbdd676408724d3cc38f0f53,
        type: 3}
      propertyPath: m_SizeDelta.y
      value: 50
      objectReference: {fileID: 0}
    - target: {fileID: 8961426588681983327, guid: 1e74b7c1fbdd676408724d3cc38f0f53,
        type: 3}
      propertyPath: m_AnchoredPosition.x
      value: -275
      objectReference: {fileID: 0}
    - target: {fileID: 8961426588681983327, guid: 1e74b7c1fbdd676408724d3cc38f0f53,
        type: 3}
      propertyPath: m_AnchoredPosition.y
      value: -25
      objectReference: {fileID: 0}
    m_RemovedComponents: []
  m_SourcePrefab: {fileID: 100100000, guid: 1e74b7c1fbdd676408724d3cc38f0f53, type: 3}
--- !u!224 &7968563629524519947 stripped
RectTransform:
  m_CorrespondingSourceObject: {fileID: 8500869158536035845, guid: 1e74b7c1fbdd676408724d3cc38f0f53,
    type: 3}
  m_PrefabInstance: {fileID: 1976835127320588814}
  m_PrefabAsset: {fileID: 0}
--- !u!1001 &7240689206665880666
PrefabInstance:
  m_ObjectHideFlags: 0
  serializedVersion: 2
  m_Modification:
    m_TransformParent: {fileID: 7968563628404337089}
    m_Modifications:
    - target: {fileID: 272853253218697312, guid: 6976d7e7d8d10914da9425c48fea4096,
        type: 3}
      propertyPath: m_AnchoredPosition.x
      value: 0.07501221
      objectReference: {fileID: 0}
    - target: {fileID: 272853253218697312, guid: 6976d7e7d8d10914da9425c48fea4096,
        type: 3}
      propertyPath: m_AnchoredPosition.y
      value: -11.925003
      objectReference: {fileID: 0}
    - target: {fileID: 361741652333120887, guid: 6976d7e7d8d10914da9425c48fea4096,
        type: 3}
      propertyPath: m_AnchorMax.x
      value: 0
      objectReference: {fileID: 0}
    - target: {fileID: 361741652333120887, guid: 6976d7e7d8d10914da9425c48fea4096,
        type: 3}
      propertyPath: m_AnchorMax.y
      value: 0
      objectReference: {fileID: 0}
    - target: {fileID: 361741652333120887, guid: 6976d7e7d8d10914da9425c48fea4096,
        type: 3}
      propertyPath: m_SizeDelta.x
      value: 0
      objectReference: {fileID: 0}
    - target: {fileID: 363479862125935315, guid: 6976d7e7d8d10914da9425c48fea4096,
        type: 3}
      propertyPath: onValueChanged.m_PersistentCalls.m_Calls.Array.size
      value: 1
      objectReference: {fileID: 0}
    - target: {fileID: 363479862125935315, guid: 6976d7e7d8d10914da9425c48fea4096,
        type: 3}
      propertyPath: onValueChanged.m_PersistentCalls.m_Calls.Array.data[0].m_Mode
      value: 2
      objectReference: {fileID: 0}
    - target: {fileID: 363479862125935315, guid: 6976d7e7d8d10914da9425c48fea4096,
        type: 3}
      propertyPath: onValueChanged.m_PersistentCalls.m_Calls.Array.data[0].m_CallState
      value: 2
      objectReference: {fileID: 0}
    - target: {fileID: 363479862125935315, guid: 6976d7e7d8d10914da9425c48fea4096,
        type: 3}
      propertyPath: onValueChanged.m_PersistentCalls.m_Calls.Array.data[0].m_MethodName
      value: DisplaySideMenuFilter
      objectReference: {fileID: 0}
    - target: {fileID: 363479862125935315, guid: 6976d7e7d8d10914da9425c48fea4096,
        type: 3}
      propertyPath: onValueChanged.m_PersistentCalls.m_Calls.Array.data[0].m_TargetAssemblyTypeName
      value: StandaloneMainMenuInteractions, Assembly-CSharp
      objectReference: {fileID: 0}
    - target: {fileID: 363479862125935315, guid: 6976d7e7d8d10914da9425c48fea4096,
        type: 3}
      propertyPath: onValueChanged.m_PersistentCalls.m_Calls.Array.data[0].m_Arguments.m_ObjectArgument
      value: 
      objectReference: {fileID: 7981572543493157616}
    - target: {fileID: 363479862125935315, guid: 6976d7e7d8d10914da9425c48fea4096,
        type: 3}
      propertyPath: onValueChanged.m_PersistentCalls.m_Calls.Array.data[0].m_Arguments.m_ObjectArgumentAssemblyTypeName
      value: UnityEngine.GameObject, UnityEngine
      objectReference: {fileID: 0}
    - target: {fileID: 425030438144988163, guid: 6976d7e7d8d10914da9425c48fea4096,
        type: 3}
      propertyPath: m_Color.g
      value: 0.9019608
      objectReference: {fileID: 0}
    - target: {fileID: 425030438144988163, guid: 6976d7e7d8d10914da9425c48fea4096,
        type: 3}
      propertyPath: m_Color.r
      value: 0.5529412
      objectReference: {fileID: 0}
    - target: {fileID: 564219346593737798, guid: 6976d7e7d8d10914da9425c48fea4096,
        type: 3}
      propertyPath: Type
      value: 4
      objectReference: {fileID: 0}
    - target: {fileID: 772408605759018666, guid: 6976d7e7d8d10914da9425c48fea4096,
        type: 3}
      propertyPath: m_IsActive
      value: 1
      objectReference: {fileID: 0}
    - target: {fileID: 786474202747306162, guid: 6976d7e7d8d10914da9425c48fea4096,
        type: 3}
      propertyPath: m_Name
      value: SIDE_MENU_PANEL
      objectReference: {fileID: 0}
    - target: {fileID: 786474202747306163, guid: 6976d7e7d8d10914da9425c48fea4096,
        type: 3}
      propertyPath: m_Pivot.x
      value: 0.5
      objectReference: {fileID: 0}
    - target: {fileID: 786474202747306163, guid: 6976d7e7d8d10914da9425c48fea4096,
        type: 3}
      propertyPath: m_Pivot.y
      value: 0.5
      objectReference: {fileID: 0}
    - target: {fileID: 786474202747306163, guid: 6976d7e7d8d10914da9425c48fea4096,
        type: 3}
      propertyPath: m_RootOrder
      value: 0
      objectReference: {fileID: 0}
    - target: {fileID: 786474202747306163, guid: 6976d7e7d8d10914da9425c48fea4096,
        type: 3}
      propertyPath: m_AnchorMax.x
      value: 0
      objectReference: {fileID: 0}
    - target: {fileID: 786474202747306163, guid: 6976d7e7d8d10914da9425c48fea4096,
        type: 3}
      propertyPath: m_AnchorMax.y
      value: 1
      objectReference: {fileID: 0}
    - target: {fileID: 786474202747306163, guid: 6976d7e7d8d10914da9425c48fea4096,
        type: 3}
      propertyPath: m_AnchorMin.x
      value: 0
      objectReference: {fileID: 0}
    - target: {fileID: 786474202747306163, guid: 6976d7e7d8d10914da9425c48fea4096,
        type: 3}
      propertyPath: m_AnchorMin.y
      value: 1
      objectReference: {fileID: 0}
    - target: {fileID: 786474202747306163, guid: 6976d7e7d8d10914da9425c48fea4096,
        type: 3}
      propertyPath: m_SizeDelta.x
      value: 400
      objectReference: {fileID: 0}
    - target: {fileID: 786474202747306163, guid: 6976d7e7d8d10914da9425c48fea4096,
        type: 3}
      propertyPath: m_SizeDelta.y
      value: 703
      objectReference: {fileID: 0}
    - target: {fileID: 786474202747306163, guid: 6976d7e7d8d10914da9425c48fea4096,
        type: 3}
      propertyPath: m_LocalPosition.x
      value: 0
      objectReference: {fileID: 0}
    - target: {fileID: 786474202747306163, guid: 6976d7e7d8d10914da9425c48fea4096,
        type: 3}
      propertyPath: m_LocalPosition.y
      value: 0
      objectReference: {fileID: 0}
    - target: {fileID: 786474202747306163, guid: 6976d7e7d8d10914da9425c48fea4096,
        type: 3}
      propertyPath: m_LocalPosition.z
      value: 0
      objectReference: {fileID: 0}
    - target: {fileID: 786474202747306163, guid: 6976d7e7d8d10914da9425c48fea4096,
        type: 3}
      propertyPath: m_LocalRotation.w
      value: 1
      objectReference: {fileID: 0}
    - target: {fileID: 786474202747306163, guid: 6976d7e7d8d10914da9425c48fea4096,
        type: 3}
      propertyPath: m_LocalRotation.x
      value: -0
      objectReference: {fileID: 0}
    - target: {fileID: 786474202747306163, guid: 6976d7e7d8d10914da9425c48fea4096,
        type: 3}
      propertyPath: m_LocalRotation.y
      value: -0
      objectReference: {fileID: 0}
    - target: {fileID: 786474202747306163, guid: 6976d7e7d8d10914da9425c48fea4096,
        type: 3}
      propertyPath: m_LocalRotation.z
      value: -0
      objectReference: {fileID: 0}
    - target: {fileID: 786474202747306163, guid: 6976d7e7d8d10914da9425c48fea4096,
        type: 3}
      propertyPath: m_AnchoredPosition.x
      value: 200
      objectReference: {fileID: 0}
    - target: {fileID: 786474202747306163, guid: 6976d7e7d8d10914da9425c48fea4096,
        type: 3}
      propertyPath: m_AnchoredPosition.y
      value: -351.5
      objectReference: {fileID: 0}
    - target: {fileID: 786474202747306163, guid: 6976d7e7d8d10914da9425c48fea4096,
        type: 3}
      propertyPath: m_LocalEulerAnglesHint.x
      value: 0
      objectReference: {fileID: 0}
    - target: {fileID: 786474202747306163, guid: 6976d7e7d8d10914da9425c48fea4096,
        type: 3}
      propertyPath: m_LocalEulerAnglesHint.y
      value: 0
      objectReference: {fileID: 0}
    - target: {fileID: 786474202747306163, guid: 6976d7e7d8d10914da9425c48fea4096,
        type: 3}
      propertyPath: m_LocalEulerAnglesHint.z
      value: 0
      objectReference: {fileID: 0}
    - target: {fileID: 786474202747306166, guid: 6976d7e7d8d10914da9425c48fea4096,
        type: 3}
      propertyPath: m_FlexibleWidth
      value: -1
      objectReference: {fileID: 0}
    - target: {fileID: 786474202747306166, guid: 6976d7e7d8d10914da9425c48fea4096,
        type: 3}
      propertyPath: m_PreferredWidth
      value: 400
      objectReference: {fileID: 0}
    - target: {fileID: 1193257341681298550, guid: 6976d7e7d8d10914da9425c48fea4096,
        type: 3}
      propertyPath: m_Interactable
      value: 0
      objectReference: {fileID: 0}
    - target: {fileID: 1193257341681298550, guid: 6976d7e7d8d10914da9425c48fea4096,
        type: 3}
      propertyPath: onValueChanged.m_PersistentCalls.m_Calls.Array.size
      value: 1
      objectReference: {fileID: 0}
    - target: {fileID: 1193257341681298550, guid: 6976d7e7d8d10914da9425c48fea4096,
        type: 3}
      propertyPath: onValueChanged.m_PersistentCalls.m_Calls.Array.data[0].m_Mode
      value: 2
      objectReference: {fileID: 0}
    - target: {fileID: 1193257341681298550, guid: 6976d7e7d8d10914da9425c48fea4096,
        type: 3}
      propertyPath: onValueChanged.m_PersistentCalls.m_Calls.Array.data[0].m_CallState
      value: 2
      objectReference: {fileID: 0}
    - target: {fileID: 1193257341681298550, guid: 6976d7e7d8d10914da9425c48fea4096,
        type: 3}
      propertyPath: onValueChanged.m_PersistentCalls.m_Calls.Array.data[0].m_MethodName
      value: ToggleFilter
      objectReference: {fileID: 0}
    - target: {fileID: 1193257341681298550, guid: 6976d7e7d8d10914da9425c48fea4096,
        type: 3}
      propertyPath: onValueChanged.m_PersistentCalls.m_Calls.Array.data[0].m_TargetAssemblyTypeName
      value: StandaloneMainMenuInteractions, Assembly-CSharp
      objectReference: {fileID: 0}
    - target: {fileID: 1193257341681298550, guid: 6976d7e7d8d10914da9425c48fea4096,
        type: 3}
      propertyPath: onValueChanged.m_PersistentCalls.m_Calls.Array.data[0].m_Arguments.m_ObjectArgument
      value: 
      objectReference: {fileID: 6457419798405117998}
    - target: {fileID: 1193257341681298550, guid: 6976d7e7d8d10914da9425c48fea4096,
        type: 3}
      propertyPath: onValueChanged.m_PersistentCalls.m_Calls.Array.data[0].m_Arguments.m_ObjectArgumentAssemblyTypeName
      value: ToggleFilterElement, Assembly-CSharp
      objectReference: {fileID: 0}
    - target: {fileID: 1623846959170369916, guid: 6976d7e7d8d10914da9425c48fea4096,
        type: 3}
      propertyPath: m_AnchorMax.y
      value: 0
      objectReference: {fileID: 0}
    - target: {fileID: 1623846959170369916, guid: 6976d7e7d8d10914da9425c48fea4096,
        type: 3}
      propertyPath: m_AnchorMin.y
      value: 0
      objectReference: {fileID: 0}
    - target: {fileID: 1623846959170369916, guid: 6976d7e7d8d10914da9425c48fea4096,
        type: 3}
      propertyPath: m_AnchoredPosition.x
      value: 0
      objectReference: {fileID: 0}
    - target: {fileID: 1623846959170369916, guid: 6976d7e7d8d10914da9425c48fea4096,
        type: 3}
      propertyPath: m_AnchoredPosition.y
      value: 0
      objectReference: {fileID: 0}
    - target: {fileID: 2073409822271266464, guid: 6976d7e7d8d10914da9425c48fea4096,
        type: 3}
      propertyPath: m_AnchorMax.x
      value: 0
      objectReference: {fileID: 0}
    - target: {fileID: 2073409822271266464, guid: 6976d7e7d8d10914da9425c48fea4096,
        type: 3}
      propertyPath: m_AnchorMax.y
      value: 0
      objectReference: {fileID: 0}
    - target: {fileID: 3078925969340554308, guid: 6976d7e7d8d10914da9425c48fea4096,
        type: 3}
      propertyPath: onValueChanged.m_PersistentCalls.m_Calls.Array.size
      value: 1
      objectReference: {fileID: 0}
    - target: {fileID: 3078925969340554308, guid: 6976d7e7d8d10914da9425c48fea4096,
        type: 3}
      propertyPath: onValueChanged.m_PersistentCalls.m_Calls.Array.data[0].m_Mode
      value: 2
      objectReference: {fileID: 0}
    - target: {fileID: 3078925969340554308, guid: 6976d7e7d8d10914da9425c48fea4096,
        type: 3}
      propertyPath: onValueChanged.m_PersistentCalls.m_Calls.Array.data[0].m_CallState
      value: 2
      objectReference: {fileID: 0}
    - target: {fileID: 3078925969340554308, guid: 6976d7e7d8d10914da9425c48fea4096,
        type: 3}
      propertyPath: onValueChanged.m_PersistentCalls.m_Calls.Array.data[0].m_MethodName
      value: ToggleFilter
      objectReference: {fileID: 0}
    - target: {fileID: 3078925969340554308, guid: 6976d7e7d8d10914da9425c48fea4096,
        type: 3}
      propertyPath: onValueChanged.m_PersistentCalls.m_Calls.Array.data[0].m_TargetAssemblyTypeName
      value: StandaloneMainMenuInteractions, Assembly-CSharp
      objectReference: {fileID: 0}
    - target: {fileID: 3078925969340554308, guid: 6976d7e7d8d10914da9425c48fea4096,
        type: 3}
      propertyPath: onValueChanged.m_PersistentCalls.m_Calls.Array.data[0].m_Arguments.m_ObjectArgument
      value: 
      objectReference: {fileID: 7181160003792554012}
    - target: {fileID: 3078925969340554308, guid: 6976d7e7d8d10914da9425c48fea4096,
        type: 3}
      propertyPath: onValueChanged.m_PersistentCalls.m_Calls.Array.data[0].m_Arguments.m_ObjectArgumentAssemblyTypeName
      value: ToggleFilterElement, Assembly-CSharp
      objectReference: {fileID: 0}
    - target: {fileID: 3224718450995185134, guid: 6976d7e7d8d10914da9425c48fea4096,
        type: 3}
      propertyPath: m_AnchorMax.x
      value: 0
      objectReference: {fileID: 0}
    - target: {fileID: 3224718450995185134, guid: 6976d7e7d8d10914da9425c48fea4096,
        type: 3}
      propertyPath: m_AnchorMax.y
      value: 0
      objectReference: {fileID: 0}
    - target: {fileID: 3510087421294292689, guid: 6976d7e7d8d10914da9425c48fea4096,
        type: 3}
      propertyPath: onValueChanged.m_PersistentCalls.m_Calls.Array.size
      value: 1
      objectReference: {fileID: 0}
    - target: {fileID: 3510087421294292689, guid: 6976d7e7d8d10914da9425c48fea4096,
        type: 3}
      propertyPath: onValueChanged.m_PersistentCalls.m_Calls.Array.data[0].m_Mode
      value: 2
      objectReference: {fileID: 0}
    - target: {fileID: 3510087421294292689, guid: 6976d7e7d8d10914da9425c48fea4096,
        type: 3}
      propertyPath: onValueChanged.m_PersistentCalls.m_Calls.Array.data[0].m_CallState
      value: 2
      objectReference: {fileID: 0}
    - target: {fileID: 3510087421294292689, guid: 6976d7e7d8d10914da9425c48fea4096,
        type: 3}
      propertyPath: onValueChanged.m_PersistentCalls.m_Calls.Array.data[0].m_MethodName
      value: ToggleFilter
      objectReference: {fileID: 0}
    - target: {fileID: 3510087421294292689, guid: 6976d7e7d8d10914da9425c48fea4096,
        type: 3}
      propertyPath: onValueChanged.m_PersistentCalls.m_Calls.Array.data[0].m_TargetAssemblyTypeName
      value: StandaloneMainMenuInteractions, Assembly-CSharp
      objectReference: {fileID: 0}
    - target: {fileID: 3510087421294292689, guid: 6976d7e7d8d10914da9425c48fea4096,
        type: 3}
      propertyPath: onValueChanged.m_PersistentCalls.m_Calls.Array.data[0].m_Arguments.m_ObjectArgument
      value: 
      objectReference: {fileID: 8765207515061861001}
    - target: {fileID: 3510087421294292689, guid: 6976d7e7d8d10914da9425c48fea4096,
        type: 3}
      propertyPath: onValueChanged.m_PersistentCalls.m_Calls.Array.data[0].m_Arguments.m_ObjectArgumentAssemblyTypeName
      value: ToggleFilterElement, Assembly-CSharp
      objectReference: {fileID: 0}
    - target: {fileID: 3820056863349200441, guid: 6976d7e7d8d10914da9425c48fea4096,
        type: 3}
      propertyPath: m_AnchorMax.x
      value: 0
      objectReference: {fileID: 0}
    - target: {fileID: 3820056863349200441, guid: 6976d7e7d8d10914da9425c48fea4096,
        type: 3}
      propertyPath: m_AnchorMax.y
      value: 0
      objectReference: {fileID: 0}
    - target: {fileID: 3820056863349200441, guid: 6976d7e7d8d10914da9425c48fea4096,
        type: 3}
      propertyPath: m_SizeDelta.x
      value: 0
      objectReference: {fileID: 0}
    - target: {fileID: 4085960140389054640, guid: 6976d7e7d8d10914da9425c48fea4096,
        type: 3}
      propertyPath: onValueChanged.m_PersistentCalls.m_Calls.Array.size
      value: 1
      objectReference: {fileID: 0}
    - target: {fileID: 4085960140389054640, guid: 6976d7e7d8d10914da9425c48fea4096,
        type: 3}
      propertyPath: onValueChanged.m_PersistentCalls.m_Calls.Array.data[0].m_Mode
      value: 2
      objectReference: {fileID: 0}
    - target: {fileID: 4085960140389054640, guid: 6976d7e7d8d10914da9425c48fea4096,
        type: 3}
      propertyPath: onValueChanged.m_PersistentCalls.m_Calls.Array.data[0].m_CallState
      value: 2
      objectReference: {fileID: 0}
    - target: {fileID: 4085960140389054640, guid: 6976d7e7d8d10914da9425c48fea4096,
        type: 3}
      propertyPath: onValueChanged.m_PersistentCalls.m_Calls.Array.data[0].m_MethodName
      value: DisplaySideMenuFilter
      objectReference: {fileID: 0}
    - target: {fileID: 4085960140389054640, guid: 6976d7e7d8d10914da9425c48fea4096,
        type: 3}
      propertyPath: onValueChanged.m_PersistentCalls.m_Calls.Array.data[0].m_TargetAssemblyTypeName
      value: StandaloneMainMenuInteractions, Assembly-CSharp
      objectReference: {fileID: 0}
    - target: {fileID: 4085960140389054640, guid: 6976d7e7d8d10914da9425c48fea4096,
        type: 3}
      propertyPath: onValueChanged.m_PersistentCalls.m_Calls.Array.data[0].m_Arguments.m_ObjectArgument
      value: 
      objectReference: {fileID: 9113414633713600364}
    - target: {fileID: 4085960140389054640, guid: 6976d7e7d8d10914da9425c48fea4096,
        type: 3}
      propertyPath: onValueChanged.m_PersistentCalls.m_Calls.Array.data[0].m_Arguments.m_ObjectArgumentAssemblyTypeName
      value: UnityEngine.GameObject, UnityEngine
      objectReference: {fileID: 0}
    - target: {fileID: 4463306016378197531, guid: 6976d7e7d8d10914da9425c48fea4096,
        type: 3}
      propertyPath: onValueChanged.m_PersistentCalls.m_Calls.Array.size
      value: 1
      objectReference: {fileID: 0}
    - target: {fileID: 4463306016378197531, guid: 6976d7e7d8d10914da9425c48fea4096,
        type: 3}
      propertyPath: onValueChanged.m_PersistentCalls.m_Calls.Array.data[0].m_Mode
      value: 2
      objectReference: {fileID: 0}
    - target: {fileID: 4463306016378197531, guid: 6976d7e7d8d10914da9425c48fea4096,
        type: 3}
      propertyPath: onValueChanged.m_PersistentCalls.m_Calls.Array.data[0].m_CallState
      value: 2
      objectReference: {fileID: 0}
    - target: {fileID: 4463306016378197531, guid: 6976d7e7d8d10914da9425c48fea4096,
        type: 3}
      propertyPath: onValueChanged.m_PersistentCalls.m_Calls.Array.data[0].m_MethodName
      value: ToggleFilter
      objectReference: {fileID: 0}
    - target: {fileID: 4463306016378197531, guid: 6976d7e7d8d10914da9425c48fea4096,
        type: 3}
      propertyPath: onValueChanged.m_PersistentCalls.m_Calls.Array.data[0].m_TargetAssemblyTypeName
      value: StandaloneMainMenuInteractions, Assembly-CSharp
      objectReference: {fileID: 0}
    - target: {fileID: 4463306016378197531, guid: 6976d7e7d8d10914da9425c48fea4096,
        type: 3}
      propertyPath: onValueChanged.m_PersistentCalls.m_Calls.Array.data[0].m_Arguments.m_ObjectArgument
      value: 
      objectReference: {fileID: 8422515317101462083}
    - target: {fileID: 4463306016378197531, guid: 6976d7e7d8d10914da9425c48fea4096,
        type: 3}
      propertyPath: onValueChanged.m_PersistentCalls.m_Calls.Array.data[0].m_Arguments.m_ObjectArgumentAssemblyTypeName
      value: ToggleFilterElement, Assembly-CSharp
      objectReference: {fileID: 0}
    - target: {fileID: 4485885141607438710, guid: 6976d7e7d8d10914da9425c48fea4096,
        type: 3}
      propertyPath: m_AnchorMax.y
      value: 0
      objectReference: {fileID: 0}
    - target: {fileID: 4485885141607438710, guid: 6976d7e7d8d10914da9425c48fea4096,
        type: 3}
      propertyPath: m_AnchorMin.y
      value: 0
      objectReference: {fileID: 0}
    - target: {fileID: 4485885141607438710, guid: 6976d7e7d8d10914da9425c48fea4096,
        type: 3}
      propertyPath: m_AnchoredPosition.x
      value: 0
      objectReference: {fileID: 0}
    - target: {fileID: 4485885141607438710, guid: 6976d7e7d8d10914da9425c48fea4096,
        type: 3}
      propertyPath: m_AnchoredPosition.y
      value: 0
      objectReference: {fileID: 0}
    - target: {fileID: 5446985920696828932, guid: 6976d7e7d8d10914da9425c48fea4096,
        type: 3}
      propertyPath: m_AnchoredPosition.x
      value: 0.07501221
      objectReference: {fileID: 0}
    - target: {fileID: 5446985920696828932, guid: 6976d7e7d8d10914da9425c48fea4096,
        type: 3}
      propertyPath: m_AnchoredPosition.y
      value: -11.925003
      objectReference: {fileID: 0}
    - target: {fileID: 5631899664698012955, guid: 6976d7e7d8d10914da9425c48fea4096,
        type: 3}
      propertyPath: m_AnchorMax.y
      value: 0
      objectReference: {fileID: 0}
    - target: {fileID: 5631899664698012955, guid: 6976d7e7d8d10914da9425c48fea4096,
        type: 3}
      propertyPath: m_AnchorMin.y
      value: 0
      objectReference: {fileID: 0}
    - target: {fileID: 5631899664698012955, guid: 6976d7e7d8d10914da9425c48fea4096,
        type: 3}
      propertyPath: m_AnchoredPosition.x
      value: 0
      objectReference: {fileID: 0}
    - target: {fileID: 5631899664698012955, guid: 6976d7e7d8d10914da9425c48fea4096,
        type: 3}
      propertyPath: m_AnchoredPosition.y
      value: 0
      objectReference: {fileID: 0}
    - target: {fileID: 5855474277042194631, guid: 6976d7e7d8d10914da9425c48fea4096,
        type: 3}
      propertyPath: m_AnchorMax.y
      value: 0
      objectReference: {fileID: 0}
    - target: {fileID: 5855474277042194631, guid: 6976d7e7d8d10914da9425c48fea4096,
        type: 3}
      propertyPath: m_AnchorMin.y
      value: 0
      objectReference: {fileID: 0}
    - target: {fileID: 5855474277042194631, guid: 6976d7e7d8d10914da9425c48fea4096,
        type: 3}
      propertyPath: m_AnchoredPosition.x
      value: 0
      objectReference: {fileID: 0}
    - target: {fileID: 5855474277042194631, guid: 6976d7e7d8d10914da9425c48fea4096,
        type: 3}
      propertyPath: m_AnchoredPosition.y
      value: 0
      objectReference: {fileID: 0}
    - target: {fileID: 6095887610659576516, guid: 6976d7e7d8d10914da9425c48fea4096,
        type: 3}
      propertyPath: m_AnchorMax.x
      value: 0
      objectReference: {fileID: 0}
    - target: {fileID: 6095887610659576516, guid: 6976d7e7d8d10914da9425c48fea4096,
        type: 3}
      propertyPath: m_AnchorMax.y
      value: 0
      objectReference: {fileID: 0}
    - target: {fileID: 6186688894300210850, guid: 6976d7e7d8d10914da9425c48fea4096,
        type: 3}
      propertyPath: onValueChanged.m_PersistentCalls.m_Calls.Array.size
      value: 1
      objectReference: {fileID: 0}
    - target: {fileID: 6186688894300210850, guid: 6976d7e7d8d10914da9425c48fea4096,
        type: 3}
      propertyPath: onValueChanged.m_PersistentCalls.m_Calls.Array.data[0].m_Mode
      value: 2
      objectReference: {fileID: 0}
    - target: {fileID: 6186688894300210850, guid: 6976d7e7d8d10914da9425c48fea4096,
        type: 3}
      propertyPath: onValueChanged.m_PersistentCalls.m_Calls.Array.data[0].m_CallState
      value: 2
      objectReference: {fileID: 0}
    - target: {fileID: 6186688894300210850, guid: 6976d7e7d8d10914da9425c48fea4096,
        type: 3}
      propertyPath: onValueChanged.m_PersistentCalls.m_Calls.Array.data[0].m_MethodName
      value: DisplaySideMenuFilter
      objectReference: {fileID: 0}
    - target: {fileID: 6186688894300210850, guid: 6976d7e7d8d10914da9425c48fea4096,
        type: 3}
      propertyPath: onValueChanged.m_PersistentCalls.m_Calls.Array.data[0].m_TargetAssemblyTypeName
      value: StandaloneMainMenuInteractions, Assembly-CSharp
      objectReference: {fileID: 0}
    - target: {fileID: 6186688894300210850, guid: 6976d7e7d8d10914da9425c48fea4096,
        type: 3}
      propertyPath: onValueChanged.m_PersistentCalls.m_Calls.Array.data[0].m_Arguments.m_ObjectArgument
      value: 
      objectReference: {fileID: 3842707322818061517}
    - target: {fileID: 6186688894300210850, guid: 6976d7e7d8d10914da9425c48fea4096,
        type: 3}
      propertyPath: onValueChanged.m_PersistentCalls.m_Calls.Array.data[0].m_Arguments.m_ObjectArgumentAssemblyTypeName
      value: UnityEngine.GameObject, UnityEngine
      objectReference: {fileID: 0}
    - target: {fileID: 6195520146460958960, guid: 6976d7e7d8d10914da9425c48fea4096,
        type: 3}
      propertyPath: m_AnchorMax.y
      value: 0
      objectReference: {fileID: 0}
    - target: {fileID: 6195520146460958960, guid: 6976d7e7d8d10914da9425c48fea4096,
        type: 3}
      propertyPath: m_AnchorMin.y
      value: 0
      objectReference: {fileID: 0}
    - target: {fileID: 6195520146460958960, guid: 6976d7e7d8d10914da9425c48fea4096,
        type: 3}
      propertyPath: m_AnchoredPosition.x
      value: 0
      objectReference: {fileID: 0}
    - target: {fileID: 6195520146460958960, guid: 6976d7e7d8d10914da9425c48fea4096,
        type: 3}
      propertyPath: m_AnchoredPosition.y
      value: 0
      objectReference: {fileID: 0}
    - target: {fileID: 6508174642474902170, guid: 6976d7e7d8d10914da9425c48fea4096,
        type: 3}
      propertyPath: onValueChanged.m_PersistentCalls.m_Calls.Array.size
      value: 1
      objectReference: {fileID: 0}
    - target: {fileID: 6508174642474902170, guid: 6976d7e7d8d10914da9425c48fea4096,
        type: 3}
      propertyPath: onValueChanged.m_PersistentCalls.m_Calls.Array.data[0].m_Mode
      value: 2
      objectReference: {fileID: 0}
    - target: {fileID: 6508174642474902170, guid: 6976d7e7d8d10914da9425c48fea4096,
        type: 3}
      propertyPath: onValueChanged.m_PersistentCalls.m_Calls.Array.data[0].m_CallState
      value: 2
      objectReference: {fileID: 0}
    - target: {fileID: 6508174642474902170, guid: 6976d7e7d8d10914da9425c48fea4096,
        type: 3}
      propertyPath: onValueChanged.m_PersistentCalls.m_Calls.Array.data[0].m_MethodName
      value: DisplaySideMenuFilter
      objectReference: {fileID: 0}
    - target: {fileID: 6508174642474902170, guid: 6976d7e7d8d10914da9425c48fea4096,
        type: 3}
      propertyPath: onValueChanged.m_PersistentCalls.m_Calls.Array.data[0].m_TargetAssemblyTypeName
      value: StandaloneMainMenuInteractions, Assembly-CSharp
      objectReference: {fileID: 0}
    - target: {fileID: 6508174642474902170, guid: 6976d7e7d8d10914da9425c48fea4096,
        type: 3}
      propertyPath: onValueChanged.m_PersistentCalls.m_Calls.Array.data[0].m_Arguments.m_ObjectArgument
      value: 
      objectReference: {fileID: 7938839948126019013}
    - target: {fileID: 6508174642474902170, guid: 6976d7e7d8d10914da9425c48fea4096,
        type: 3}
      propertyPath: onValueChanged.m_PersistentCalls.m_Calls.Array.data[0].m_Arguments.m_ObjectArgumentAssemblyTypeName
      value: UnityEngine.GameObject, UnityEngine
      objectReference: {fileID: 0}
    - target: {fileID: 7442309353852909921, guid: 6976d7e7d8d10914da9425c48fea4096,
        type: 3}
      propertyPath: m_AnchoredPosition.x
      value: 0.07501221
      objectReference: {fileID: 0}
    - target: {fileID: 7442309353852909921, guid: 6976d7e7d8d10914da9425c48fea4096,
        type: 3}
      propertyPath: m_AnchoredPosition.y
      value: -11.925003
      objectReference: {fileID: 0}
    - target: {fileID: 8661047136564169086, guid: 6976d7e7d8d10914da9425c48fea4096,
        type: 3}
      propertyPath: onValueChanged.m_PersistentCalls.m_Calls.Array.size
      value: 1
      objectReference: {fileID: 0}
    - target: {fileID: 8661047136564169086, guid: 6976d7e7d8d10914da9425c48fea4096,
        type: 3}
      propertyPath: onValueChanged.m_PersistentCalls.m_Calls.Array.data[0].m_Mode
      value: 2
      objectReference: {fileID: 0}
    - target: {fileID: 8661047136564169086, guid: 6976d7e7d8d10914da9425c48fea4096,
        type: 3}
      propertyPath: onValueChanged.m_PersistentCalls.m_Calls.Array.data[0].m_CallState
      value: 2
      objectReference: {fileID: 0}
    - target: {fileID: 8661047136564169086, guid: 6976d7e7d8d10914da9425c48fea4096,
        type: 3}
      propertyPath: onValueChanged.m_PersistentCalls.m_Calls.Array.data[0].m_MethodName
      value: DisplaySideMenuFilter
      objectReference: {fileID: 0}
    - target: {fileID: 8661047136564169086, guid: 6976d7e7d8d10914da9425c48fea4096,
        type: 3}
      propertyPath: onValueChanged.m_PersistentCalls.m_Calls.Array.data[0].m_TargetAssemblyTypeName
      value: StandaloneMainMenuInteractions, Assembly-CSharp
      objectReference: {fileID: 0}
    - target: {fileID: 8661047136564169086, guid: 6976d7e7d8d10914da9425c48fea4096,
        type: 3}
      propertyPath: onValueChanged.m_PersistentCalls.m_Calls.Array.data[0].m_Arguments.m_ObjectArgument
      value: 
      objectReference: {fileID: 8636930151553510311}
    - target: {fileID: 8661047136564169086, guid: 6976d7e7d8d10914da9425c48fea4096,
        type: 3}
      propertyPath: onValueChanged.m_PersistentCalls.m_Calls.Array.data[0].m_Arguments.m_ObjectArgumentAssemblyTypeName
      value: UnityEngine.GameObject, UnityEngine
      objectReference: {fileID: 0}
    m_RemovedComponents: []
  m_SourcePrefab: {fileID: 100100000, guid: 6976d7e7d8d10914da9425c48fea4096, type: 3}
--- !u!224 &7968563628713452777 stripped
RectTransform:
  m_CorrespondingSourceObject: {fileID: 786474202747306163, guid: 6976d7e7d8d10914da9425c48fea4096,
    type: 3}
  m_PrefabInstance: {fileID: 7240689206665880666}
  m_PrefabAsset: {fileID: 0}
--- !u!1 &7981572543493157616 stripped
GameObject:
  m_CorrespondingSourceObject: {fileID: 772408605759018666, guid: 6976d7e7d8d10914da9425c48fea4096,
    type: 3}
  m_PrefabInstance: {fileID: 7240689206665880666}
  m_PrefabAsset: {fileID: 0}
--- !u!114 &8422515317101462083 stripped
MonoBehaviour:
  m_CorrespondingSourceObject: {fileID: 1197624855853114905, guid: 6976d7e7d8d10914da9425c48fea4096,
    type: 3}
  m_PrefabInstance: {fileID: 7240689206665880666}
  m_PrefabAsset: {fileID: 0}
  m_GameObject: {fileID: 0}
  m_Enabled: 1
  m_EditorHideFlags: 0
  m_Script: {fileID: 11500000, guid: 799eea3f9467bd643b0a84690329cb9f, type: 3}
  m_Name: 
  m_EditorClassIdentifier: 
--- !u!114 &8765207515061861001 stripped
MonoBehaviour:
  m_CorrespondingSourceObject: {fileID: 2150571845475868371, guid: 6976d7e7d8d10914da9425c48fea4096,
    type: 3}
  m_PrefabInstance: {fileID: 7240689206665880666}
  m_PrefabAsset: {fileID: 0}
  m_GameObject: {fileID: 0}
  m_Enabled: 1
  m_EditorHideFlags: 0
  m_Script: {fileID: 11500000, guid: 799eea3f9467bd643b0a84690329cb9f, type: 3}
  m_Name: 
  m_EditorClassIdentifier: 
--- !u!114 &6457419798405117998 stripped
MonoBehaviour:
  m_CorrespondingSourceObject: {fileID: 4458921386803584116, guid: 6976d7e7d8d10914da9425c48fea4096,
    type: 3}
  m_PrefabInstance: {fileID: 7240689206665880666}
  m_PrefabAsset: {fileID: 0}
  m_GameObject: {fileID: 0}
  m_Enabled: 1
  m_EditorHideFlags: 0
  m_Script: {fileID: 11500000, guid: 799eea3f9467bd643b0a84690329cb9f, type: 3}
  m_Name: 
  m_EditorClassIdentifier: 
--- !u!1 &3842707322818061517 stripped
GameObject:
  m_CorrespondingSourceObject: {fileID: 5847943405443727511, guid: 6976d7e7d8d10914da9425c48fea4096,
    type: 3}
  m_PrefabInstance: {fileID: 7240689206665880666}
  m_PrefabAsset: {fileID: 0}
--- !u!1 &8636930151553510311 stripped
GameObject:
  m_CorrespondingSourceObject: {fileID: 1414291147192668157, guid: 6976d7e7d8d10914da9425c48fea4096,
    type: 3}
  m_PrefabInstance: {fileID: 7240689206665880666}
  m_PrefabAsset: {fileID: 0}
--- !u!1 &7938839948126019013 stripped
GameObject:
  m_CorrespondingSourceObject: {fileID: 743222196992244127, guid: 6976d7e7d8d10914da9425c48fea4096,
    type: 3}
  m_PrefabInstance: {fileID: 7240689206665880666}
  m_PrefabAsset: {fileID: 0}
--- !u!1 &9113414633713600364 stripped
GameObject:
  m_CorrespondingSourceObject: {fileID: 1874977574217294646, guid: 6976d7e7d8d10914da9425c48fea4096,
    type: 3}
  m_PrefabInstance: {fileID: 7240689206665880666}
  m_PrefabAsset: {fileID: 0}
--- !u!114 &7181160003792554012 stripped
MonoBehaviour:
  m_CorrespondingSourceObject: {fileID: 564219346593737798, guid: 6976d7e7d8d10914da9425c48fea4096,
    type: 3}
  m_PrefabInstance: {fileID: 7240689206665880666}
  m_PrefabAsset: {fileID: 0}
  m_GameObject: {fileID: 0}
  m_Enabled: 1
  m_EditorHideFlags: 0
  m_Script: {fileID: 11500000, guid: 799eea3f9467bd643b0a84690329cb9f, type: 3}
  m_Name: 
  m_EditorClassIdentifier: 
